2867 4175
212 335 279 389 XIV
616 333 824 388 PRAEFATIO

207 503 340 578 scriptus
362 497 428 562 est'
465 504 545 581 Ergo
569 506 640 562 sunt
662 505 714 578 qui
738 503 920 562 arbitrentur
943 506 978 561 ut
995 502 1232 578 Porphyrionem

211 594 256 650 ita
284 594 375 650 etiam
404 594 667 652 commentatorem
693 592 788 667 ipsius
815 590 935 651 Helenii
962 592 1087 652 Acronis
1120 593 1232 650 librum

212 683 281 740 ante
312 681 411 741 oeulos
438 681 584 740 habuisse.
631 681 689 739 Sed
717 681 788 740 falsi
814 685 891 740 sunt.
936 681 1031 740 Immo
1060 683 1138 740 sicut
1165 701 1232 757 per-

212 769 315 829 multis
339 770 406 829 aliis
429 771 511 843 lociS,
533 771 577 828 ita
600 772 693 828 etiam
714 771 764 829 hic
786 770 862 828 nihil
881 770 966 828 aliud
984 771 1055 829 fecit
1074 768 1233 844 Gruquius‚

211 860 270 918 nisi
297 861 332 916 ut
358 859 571 934 Porphyrionis
600 859 824 917 adnotationem
850 860 883 917 in
915 862 1159 918 commentatoris
1184 862 1232 917 sui

212 967 298 1006 usum
325 950 518 1006 conuerteret.
565 946 663 1006 Simili
690 948 778 1006 modo
806 950 839 1006 in
862 949 951 1007 schol.
975 969 1003 1006 u.
1028 950 1069 1006 48
1094 967 1129 1006 ca
1153 967 1231 1023 qnae

212 1035 376 1112 Porphyrio
393 1055 427 1094 er
441 1036 585 1096 Varronis
602 1037 723 1113 uirgula
742 1037 845 1096 diuina
864 1037 968 1096 attulit
985 1039 1064 1096 inter
1083 1056 1230 1096 commen-

165 1139 166 1143 ’
210 1127 318 1184 tatoris
342 1125 388 1183 sui
408 1125 500 1184 uerba
517 1126 689 1201 interpolat,
713 1125 836 1200 sedita,
859 1128 893 1184 ut
911 1127 1064 1202 complura
1083 1126 1229 1184 uocabula

210 1216 371 1272 immutata
406 1214 582 1288 reddantur,
618 1215 650 1272 id
685 1215 765 1289 quod
796 1217 828 1273 in
860 1216 950 1274 schol.
978 1236 1005 1272 u.
1036 1217 1076 1272 25
1111 1234 1229 1289 quoquo

211 1304 350 1377 uidimus,
368 1302 420 1361 ubi
437 1322 492 1379 pro
510 1303 645 1362 codicum
659 1303 948 1378 Porphyrioneorum
966 1306 1115 1380 scriptura
1130 1299 1229 1362 ‘Pom-

210 1388 270 1468 pei’
297 1390 445 1466 Gruquius
472 1394 636 1451 inculcauit
658 1391 789 1451 Fabricii
814 1393 1013 1452 coniecturam
1038 1388 1228 1467 ‘Pomponii'.

299 1482 405 1556 Itaque
433 1482 673 1540 commentatoris
700 1483 788 1541 istius
815 1482 948 1556 undique
972 1483 1171 1541 consarcinati
1194 1501 1228 1540 ac

210 1571 298 1629 nimis
330 1571 506 1645 interpolati
537 1588 684 1645 nusquam
716 1570 809 1629 habui
839 1571 986 1629 rationem
1018 1573 1139 1645 excepto
1168 1590 1227 1629 uno

209 1659 274 1718 loco
298 1660 462 1717 miserrime
486 1661 623 1735 corrupto
643 1678 729 1718 serm.
748 1659 779 1717 Π
799 1660 827 1734 5,
848 1663 898 1733 11,
922 1678 1105 1734 quamquam
1123 1679 1160 1718 ne
1179 1661 1228 1718 hic

212 1749 332 1822 quidem
356 1748 441 1807 illinc
463 1747 549 1806 nobis
573 1749 624 1805 lux
647 1748 789 1807 adfertur.

299 1835 396 1895 Simili
419 1837 455 1895 de
479 1855 568 1897 causa
591 1837 767 1896 exclusimus
791 1857 825 1895 ex
848 1839 997 1913 apparatu
1020 1837 1132 1896 scholia
1153 1837 1226 1893 Vin-

209 1925 389 1984 dobonensia
421 1925 459 1983 ad
487 1929 583 1984 artem
611 1927 760 2001 poeticam
786 1927 981 2001 pertinentia,
1014 1944 1089 2000 quae
1121 1925 1227 1985 Karoli

209 2014 312 2092 Magni
329 2014 512 2090 temporibus
531 2014 568 2072 ab
585 2014 713 2073 Alcuino
731 2015 865 2091 profecta
883 2015 959 2072 nihil
978 2014 1060 2072 aliud
1079 2018 1149 2072 sunt
1166 2017 1226 2072 nisi

209 2103 399 2179 paraphrasis
432 2104 520 2163 schol.
553 2106 587 2179 Γ,
619 2104 654 2163 of.
689 2123 765 2178 qnae
793 2104 828 2162 de
857 2104 1065 2163 Zechmeisteri
1096 2105 1225 2162 editione

210 2192 411 2252 demonstrari
429 2194 461 2251 in
476 2193 616 2252 Zoitschr.
630 2194 650 2251 f.
666 2193 693 2251 d.
709 2197 811 2251 dsterr.
827 2191 932 2267 Gymu.
949 2195 1033 2252 1877
1049 2214 1078 2269 p.
1090 2194 1224 2267 516sqq.

297 2280 342 2340 De
379 2284 609 2340 commentatore
645 2282 699 2340 illo
736 2279 904 2356 Gruquiano
941 2283 1036 2340 fusius
1073 2282 1225 2356 disputare

208 2372 365 2445 proposuit
387 2370 445 2429 sibi
466 2370 608 2446 Iosephus
631 2371 720 2445 llndt,
743 2371 815 2446 phil.
835 2370 938 2429 doctor
956 2371 1122 2447 Pragensis,
1145 2390 1224 2428 nunc

208 2460 357 2534 gymnasii
390 2458 608 2518 Smichovensis
640 2459 802 2534 professor,
835 2461 887 2533 qui
918 2479 964 2518 mo
995 2459 1162 2517 liberaliter
1193 2462 1225 2516 in

208 2548 338 2624 plagulis
362 2547 480 2607 adiuuit
503 2548 691 2625 corrigendis.
728 2548 876 2622 Equidem
899 2568 965 2606 cum
988 2548 1056 2606 aliis
1078 2548 1113 2606 de
1136 2548 1223 2605 rebus

208 2640 272 2693 turn
301 2636 336 2694 de
363 2637 436 2695 locis
461 2638 577 2711 aliquot
599 2637 696 2697 dubiis
725 2638 857 2695 animum
883 2638 987 2695 induxi
1019 2637 1160 2695 disserere
1191 2639 1224 2694 in

208 2724 375 2783 studiorum
406 2725 680 2784 Vindobonensium
717 2728 789 2785 anni
826 2727 910 2785 1904
942 2726 1084 2785 fasciculo
1116 2728 1222 2800 prime.

209 2812 394 2872 Scholiorum
426 2816 471 2889 λφ
506 2814 666 2874 editionem
699 2816 736 2873 ab
768 2813 899 2873 Holdero
931 2834 997 2874 meo
1029 2817 1130 2890 parari
1161 2818 1222 2872 iam

209 2902 459 2977 supradiximus.

296 2990 432 3065 Denique
454 2992 491 3050 iis
510 2992 690 3072 omnibus,
714 2994 829 3067 quiin
852 2991 1031 3051 conficiendo
1055 2992 1110 3049 hoc
1134 3011 1221 3067 opere

209 3080 331 3154 aliquo
363 3079 464 3138 modo
497 3099 548 3139 me
581 3081 811 3156 adiuuerunt,
843 3083 953 3139 iterum
984 3081 1032 3138 hic
1064 3100 1098 3138 ex
1129 3081 1222 3139 animi

208 3168 356 3227 sententia
379 3170 492 3244 gratias
516 3189 571 3247 ago
596 3188 685 3244 quam
708 3172 861 3228 maximas.

297 3309 419 3387 Pragaa
442 3311 536 3370 Nonis
560 3311 769 3371 Decembribus
792 3310 925 3370 MGMIII

952 3400 985 3459 O.
1007 3400 1131 3458 Keller
