2867 4175
263 338 330 403 314
591 337 712 394 SOHOL.
724 338 842 395 P'VIN
859 338 944 394 HOR.

263 507 367 566 dieunt
389 509 483 566 imum
503 508 633 581 breuem,
656 508 710 565 alii
733 499 822 589 (eone.
836 498 1012 588 Porpapin
1035 510 1170 567 extrema
1189 509 1265 584 parte
1303 489 1305 552 i

263 595 328 655 ludi
348 598 493 671 positum3
517 597 569 671 qui
592 615 659 655 oum
681 614 796 674 ungues
819 599 850 654 et
872 597 997 672 capillos
1020 599 1052 655 et
1070 590 1197 675 [multa]
1214 597 1266 654 alia

263 685 395 744 membra
422 685 495 744 bene
523 685 679 760 formaret,
705 686 738 743 in
764 685 945 760 perfectione
968 686 1088 743 statuae
1111 684 1264 746 deficiebat

263 773 321 832 Hie
343 792 413 852 ergo
436 775 522 835 docet
544 774 619 832 nihil
642 776 778 848 oportere
800 773 900 834 deesse
921 775 1028 850 poetae
1051 765 1195 854 (rerer

206 882 244 936 ·’3
352 872 411 938 34.
434 877 573 954 §Totum
596 871 672 960 (3ζ)]
702 879 785 938 Idest
806 879 895 938 finem
917 882 971 938 aut
992 882 1185 939 uenustatem
1207 897 1264 939 eou-

263 969 475 1028 summationis.
528 968 681 1027 Interdum
714 969 793 1026 enim
824 968 959 1029 uidemus
990 969 1111 1046 singula
1143 967 1263 1027 membra

263 1056 420 1116 artificiose
451 1056 531 1116 faeta
562 1060 593 1116 et
623 1058 716 1115 totius
749 1058 846 1132 operis
877 1056 1004 1115 formam
1031 1057 1157 1117 minime
1183 1055 1263 1133 phei-

261 1145 370 1202 turam.
408 1144 440 1203 Si
463 1146 560 1220 uelim,
584 1147 692 1221 inquit,
715 1145 842 1204 seribere
864 1145 988 1220 aliquid,
1011 1146 1107 1204 nolim
1124 1147 1195 1204 huie
1211 1163 1262 1204 esse

263 1233 383 1307 similis,
411 1235 462 1292 sed
488 1237 584 1311 magis
611 1235 680 1293 uolo
703 1253 750 1293 me
773 1235 928 1310 pulchrum
951 1252 1013 1294 esse
1036 1236 1134 1312 nigris
1157 1234 1262 1311 capillis

206 1330 244 1381 10
263 1324 294 1380 et
316 1323 408 1381 oeulis
432 1342 499 1381 oum
521 1325 600 1381 torto
623 1341 709 1396 naso,
741 1342 831 1398 quam
853 1323 979 1382 seribere
1001 1342 1124 1398 poema,
1148 1326 1197 1382 oui
1217 1323 1262 1382 ali·

263 1410 335 1485 quid
358 1411 440 1474 deest
463 1404 625 1493 (FafVeC

258 1591 261 1596 Ι
351 1517 482 1576 *Antan
519 1517 665 1593 quomodo
697 1518 767 1577 nolo
794 1537 842 1576 me
868 1521 954 1595 parte
980 1518 1115 1594 quadam
1144 1518 1261 1594 corporis

262 1605 464 1666 foedissimum
492 1625 553 1665 esse
581 1610 611 1665 et
633 1606 756 1682 reliquis
779 1606 979 1681 splendidum,
1006 1606 1058 1666 sed
1081 1609 1180 1685 magis
1201 1609 1260 1682 opto

262 1714 322 1752 una
344 1696 460 1773 integra
483 1713 545 1753 esse
568 1689 676 1770 specie,
699 1697 743 1753 ita
766 1697 863 1754 enitor
885 1696 966 1755 omni
988 1715 1035 1754 me
1058 1698 1195 1771 poemate
1215 1713 1261 1773 par

209 1791 244 1841 15
262 1783 366 1858 uideri,
389 1784 473 1841 nulla
496 1786 528 1841 in
549 1787 635 1858 parte
659 1783 695 1844 ab
720 1784 780 1842 alia
802 1783 971 1860 discrepans
995 1777 1129 1864 (Γαΐοζ
1186 1784 1198 1788 ”

263 1970 276 2058 (
352 1882 409 1949 35.
441 1887 659 2058 )*Componere
696 1881 758 1970 (b)]
797 1887 1009 1966 temperare,
1050 1893 1086 1949 ut
1127 1891 1260 1969 Virgilius

278 1979 325 2036 erl.
346 1981 378 2052 1,
398 1979 467 2036 23:

423 2119 471 2177 Sia
494 2122 594 2195 paruis
618 2139 793 2195 componere
815 2139 924 2197 magna
947 2120 1080 2179 solebam
1104 2114 1196 2201 (P'ab

351 2271 409 2338 35.
430 2271 488 2338 36.
512 2277 574 2353 §si
597 2280 669 2354 quid
690 2298 864 2357 oomponere
883 2299 990 2353 eurem,
1013 2299 1074 2340 non
1093 2284 1189 2358 magis
1207 2298 1259 2339 3333

205 2379 242 2427 20
260 2367 352 2425 uelim
375 2359 451 2448 (3ζ)]
495 2367 528 2425 Si
554 2387 614 2442 me,
642 2369 754 2444 inquit,
782 2368 851 2428 huic
874 2369 958 2427 fabro
982 2370 1116 2429 conferre
1139 2371 1259 2439 noluero,

261 2475 310 2514 ero
334 2456 458 2514 dimidia
481 2459 610 2531 eorporis
633 2461 718 2532 parte
740 2458 890 2530 ridendus,
913 2452 963 2535 [ut
979 2461 1097 2531 partem
1115 2458 1259 2518 ridendam

259 2540 407 2622 habeam]
440 2547 577 2620 quamuis
604 2546 770 2605 laudandus
798 2546 1034 2622 Spectandasque
1061 2550 1121 2606 sim
1147 2549 1179 2606 in
1201 2547 1260 2618 alia,

207 2673 209 2682 J
260 2633 337 2693 idest
363 2635 441 2692 3333
468 2653 515 2692 me
543 2652 604 2692 3333
631 2635 713 2709 3313,
743 2635 822 2693 idest
847 2634 917 2692 huie
944 2635 1050 2693 similis
1073 2654 1136 2695 esse
1159 2652 1260 2706 recuso,

261 2723 341 2797 quod
362 2723 509 2797 perfectus
531 2740 591 2780 non
614 2725 659 2781 est
682 2715 871 2804 (P'abfVet

351 3003 364 3050 1
384 2996 483 3068 imum]
502 3015 587 3051 vnum
600 3014 615 3051 c
628 2998 709 3060 orat
779 3003 795 3050 2
813 2996 1014 3066 positum'lndi
1028 3000 1063 3060 οζ
1133 2997 1261 3068 positum]

206 3104 208 3125 1
259 3068 345 3122 om.V
412 3067 501 3121 multa
519 3085 569 3123 om.
583 3072 618 3131 3ζ
691 3066 822 3191 4333ὲέ
841 3068 912 3122 dicit
929 3072 963 3131 οζ
1037 3068 1262 3139 5idest-pla·

260 3137 392 3209 eituram]
412 3156 462 3194 om.
478 3160 496 3191 α
586 3144 602 3191 8
621 3138 731 3205 aliquid
749 3139 804 3191 scri
825 3154 870 3192 ere
887 3140 969 3206 fVec
986 3139 1107 3193 seribere
1126 3162 1145 3193 α
1216 3139 1261 3193 ali-

259 3209 323 3276 quit
342 3213 368 3261 Γ
449 3209 536 3264 nolim
552 3242 584 3249 —
600 3209 689 3279 deest]
709 3210 794 3263 om.V
879 3211 990 3278 9sety
1070 3211 1232 3280 pnlcmmy

261 3285 294 3333 10
317 3297 381 3333 eum
404 3282 490 3351 torto]
513 3282 541 3334 et
564 3298 628 3334 eum
650 3283 759 3343 tortor
785 3282 814 3334 et
832 3282 991 3335 contortor
1098 3281 1233 3349 aliquitr

261 3356 293 3405 11
314 3351 387 3405 desit
406 3355 440 3415 οζ
523 3358 554 3406 12
574 3352 726 3422 quomodo]
745 3367 795 3405 om.
810 3355 844 3415 οζ
924 3357 956 3406 13
975 3351 1169 3407 foedissimum
1188 3352 1263 3422 (fed)

259 3438 321 3476 esse
339 3422 446 3492 perfec]
467 3438 526 3476 esee
543 3421 737 3475 foedissimum
755 3440 792 3477 ro
863 3425 937 3492 setp
1009 3427 1043 3476 14
1060 3425 1130 3495 una]
1144 3429 1235 3489 emec

258 3509 303 3546 me
326 3493 456 3561 poemate
474 3510 526 3561 par
546 3493 582 3563 Γ]
601 3509 664 3546 meo
683 3496 813 3562 poemate
831 3511 883 3562 par
900 3515 917 3548 ν
939 3510 984 3547 me
1001 3497 1132 3563 poemate
1150 3498 1231 3565 parte
1247 3513 1263 3546 a

250 3580 299 3619 me
321 3564 457 3634 poemate
474 3564 494 3633 f
512 3565 598 3636 poeta
620 3565 716 3637 (poeta
734 3568 759 3634 {t
778 3568 861 3634 parte
878 3569 912 3628 ez
1015 3571 1048 3618 15
1067 3565 1116 3635 ab]
1135 3582 1187 3621 om.
1201 3570 1235 3631 οξ

241 3642 281 3690 16
300 3637 452 3714 uirgiiius]
471 3656 525 3696 om.
542 3640 588 3696 Pb
663 3644 700 3692 ‘zi
717 3639 755 3691 nt
767 3634 955 3699 -33333333
968 3634 1123 3698 demente
1188 3637 1269 3685 3313

229 3708 294 3764 alia
312 3713 345 3785 ζ]
362 3712 447 3771 maia
465 3732 481 3771 e
497 3733 550 3772 om.
567 3721 630 3773 cett.
709 3716 750 3764 Ἃ
769 3703 934 3777 (130333ᾖ
949 3704 1003 3760 *032
1017 3716 1072 3760 ‘W
1087 3714 1121 3747 m
1138 3700 1241 3759 ”ami
1266 3767 1268 3769 .
