2867 4175
230 341 255 394 X
631 340 837 394 PRAEFATIO

228 511 424 584 interpretum
456 510 747 584 praestantissimum
778 509 932 569 referenda
964 528 1026 569 esse
1058 529 1094 568 ne
1122 511 1244 570 stultior

229 598 349 674 quidem
373 598 462 656 homo
485 597 572 656 hodie
595 599 762 672 putauerit,
788 600 889 657 tamen
911 600 1008 657 multa
1029 600 1094 657 ueri
1115 598 1242 658 Aeronis

228 688 308 746 dicta
331 688 442 762 partim
467 687 598 762 integra,
624 687 736 761 partim
760 690 860 762 aucta,
882 689 994 763 partim
1017 687 1171 746 decurtata
1193 689 1242 746 uel

228 777 287 834 alio
310 775 396 834 modo
420 776 539 833 uariata
560 776 593 832 in
614 776 652 834 iis
670 777 765 834 inesse
783 777 944 836 uerisimile
963 779 1016 835 est.
1053 775 1241 844 Quinetiam

227 883 342 938 eorum,
369 881 446 939 quae
470 863 669 939 Porphyrioni
696 864 727 922 et
748 865 948 924 Pseudacroni
973 867 1141 924 communia
1163 867 1241 938 sunt,

225 955 343 1031 partem
367 953 499 1027 aliquam
522 972 556 1010 ex
579 972 649 1011 uero
668 951 794 1013 Helenio
817 954 935 1014 fluxisse
958 955 1105 1029 suspicari
1125 953 1240 1012 licebit:

226 1062 296 1102 nam
310 1060 492 1117 quamquam
506 1041 740 1117 Porphyrionem
759 1044 875 1119 aliquot
889 1043 1014 1103 saeculis
1028 1045 1097 1101 ante
1112 1042 1239 1101 Pseuda-

227 1127 344 1191 cronem
372 1125 410 1187 A'
433 1129 584 1205 scripsisse
611 1131 760 1189 neminem
786 1132 898 1208 fugerit
928 1125 977 1213 (ef.
1002 1151 1077 1206 quae
1105 1131 1141 1190 de
1168 1131 1239 1190 Por-

224 1219 379 1297 phyrionis
413 1221 511 1278 aetate
543 1220 573 1276 et
604 1219 703 1294 patria
731 1222 763 1277 in
789 1221 1010 1299 philologorum
1037 1220 1240 1278 Bonnensium

226 1309 361 1384 symbola
383 1329 411 1383 p.
432 1309 605 1367 491-499
627 1309 711 1366 etin
732 1308 870 1368 editionis
889 1309 993 1368 Horat.
1013 1309 1136 1368 alterius
1154 1328 1238 1384 prae-

226 1398 338 1457 fatione
360 1418 389 1472 p.
408 1395 563 1454 LXXVIII
586 1390 751 1478 exposuir),
773 1401 875 1457 tamen
892 1399 1003 1457 nostris
1022 1398 1140 1457 scholiIs
1158 1397 1239 1456 haud

224 1505 321 1561 pauca
339 1488 450 1558 insunt,
469 1503 544 1561 quae
564 1487 616 1544 aut
634 1485 759 1544 meliora
777 1488 946 1546 autminus
964 1487 1072 1545 mutila
1090 1487 1239 1564 leguntur,

226 1595 316 1650 quam
339 1573 418 1650 apud
440 1574 683 1649 Porphyrionem.
731 1575 877 1644 Quoniam
904 1576 997 1654 igitur
1019 1575 1184 1652 Porphyrio
1209 1580 1239 1633 et

224 1663 411 1723 Pseudacron
440 1662 598 1721 admodum
623 1665 689 1722 arta
716 1665 892 1743 cognatione
919 1666 998 1723 inter
1025 1682 1056 1723 se
1088 1665 1238 1723 coniuncti

225 1756 304 1827 sunt,
322 1753 400 1811 hunc
419 1770 485 1809 cum
503 1752 556 1810 illo
575 1770 735 1830 congruere
753 1754 908 1829 permultis
927 1755 1000 1812 locis
1019 1753 1236 1827 adnotauimus,

223 1840 373 1900 interdum
400 1839 552 1899 etiamad
577 1840 792 1900 emendandum
815 1841 1027 1902 Pseudacronis
1050 1844 1164 1899 textum
1188 1861 1237 1899 ue-

223 1932 379 1988 tustiorem
402 1930 488 1988 illum
511 1929 701 1990 adhibuimus
725 1931 923 1990 scholiastam.

711 2162 747 2221 V.

439 2304 488 2363 De
512 2306 791 2363 commentatore
816 2302 1021 2379 Oruquiano

310 2445 352 2503 At
380 2449 467 2504 erunt
498 2464 568 2504 sane
601 2447 653 2520 qui
681 2445 840 2520 mirentur,
873 2446 952 2521 quod
982 2441 1235 2504 ‘commentatoris

223 2530 408 2609 Oruquiani'‚
431 2553 519 2609 quem
541 2552 578 2592 ne
600 2553 676 2593 unus
700 2534 820 2609 quidem
838 2537 970 2593 omnium
988 2536 1107 2592 nostrae
1126 2536 1234 2594 aetatis

222 2623 441 2701 philologorum
463 2640 583 2698 prorsus
602 2640 738 2698 spernere
757 2642 846 2683 ausus
864 2627 918 2698 est,
941 2624 1025 2681 nulla
1043 2624 1134 2682 ferme
1153 2624 1235 2683 faeta

222 2714 262 2771 sit
293 2714 412 2771 mentio.
459 2712 517 2769 Sed
548 2713 612 2770 iure
644 2732 679 2770 ex
706 2716 854 2788 apparatu
881 2714 981 2771 nostro
1010 2713 1144 2772 exclusus
1171 2731 1234 2772 esse

221 2802 371 2877 putandus
390 2803 443 2874 est,
465 2802 573 2875 quippe
593 2801 644 2875 qui
662 2801 739 2859 nihil
757 2801 839 2860 aliud
857 2803 902 2861 est
915 2803 978 2859 -nisi
996 2801 1123 2859 milliens
1142 2800 1233 2859 inter-

221 2891 325 2965 polata
348 2892 378 2948 et
399 2892 559 2948 immutata
581 2889 760 2948 scholiorum
784 2890 842 2948 ΓΖ
863 2891 990 2966 farrago.

312 2976 456 3052 Oruquius
479 2980 542 3052 ipse
562 2980 595 3036 in
612 2979 797 3053 praefatione
816 2973 867 3037 ‘ad
884 2979 1024 3037 lectorem
1043 2973 1232 3037 beneuolum'

221 3068 332 3142 scripta
362 3066 397 3124 dc
428 3060 682 3126 ‘commentatore'
712 3086 765 3127 suo
798 3067 870 3127 haec
901 3071 1005 3126 narrat
1038 3058 1116 3146 (edii.
1146 3068 1231 3125 1578

215 3174 248 3229 P·
269 3177 284 3208 ¹¹¹
304 3146 375 3301 ihi)
383 3199 515 3319 antiquis
543 3243 762 3303 commentariis
790 3247 851 3303 iam
882 3244 996 3319 pridem
1028 3244 1060 3301 in
1092 3248 1232 3319 quartum

220 3332 358 3407 odarum,
383 3332 491 3408 epodos
516 3336 546 3391 et
568 3336 684 3408 satyras
707 3334 865 3411 euulgatis,
887 3334 981 3392 lector
1004 3332 1136 3408 candide,
1159 3353 1232 3392 non-

308 3501 320 3529 *
349 3500 422 3566 Quas
450 3501 595 3570 opiniones
622 3518 699 3555 meas
726 3518 777 3570 per
804 3502 1015 3570 Landgrafium‚
1042 3501 1230 3570 Wessnerum,

219 3572 390 3639 Fdhrdcum‚
418 3572 620 3642 Kiesslingium
647 3572 774 3641 aliosque
801 3572 901 3626 harum
927 3590 1019 3627 rerum
1046 3573 1230 3642 peritissimos

219 3643 293 3698 uiros
321 3661 377 3698 non
405 3644 495 3697 solum
523 3644 731 3713 comprobatas,
759 3644 807 3697 sed
837 3644 923 3697 etiam
950 3644 1030 3697 nouis
1058 3644 1231 3713 argumentis

204 3715 325 3776 gaudeo
344 3731 407 3769 esse
425 3715 603 3769 confirmatas
