2867 4175
607 337 712 393 suun.
725 339 738 392 l
752 344 787 395 10
1139 339 1202 406 107

277 501 312 571 9.
336 505 421 584 §llst
438 507 588 567 breuitate
602 525 628 566 o.
644 499 725 588 (vffl
759 506 915 568 Sententia
932 509 995 584 illa,
1014 527 1091 584 quae
1109 510 1203 567 risum

185 599 301 672 mouet,
324 596 412 661 debet
434 615 497 658 esse
520 597 581 656 oita
603 599 634 656 et
656 597 824 657 manifesta
869 596 981 657 Aliter:
1004 615 1120 659 sensus:
1143 616 1203 658 non

187 687 286 746 solum
308 686 340 744 in
364 705 398 746 eo
422 689 476 762 eat,
499 687 534 744 ut
555 703 653 762 panea
676 686 803 762 copiose,
825 687 877 746 sed
900 689 936 745 ut
958 686 1089 745 breuiter
1107 685 1203 744 multa

186 775 336 835 dieantur.
382 774 431 834 Sio
459 777 491 834 et
512 772 588 835 Oato
615 793 634 834 a
657 772 802 834 Sallustio
830 775 972 836 laudatur
1000 766 1077 855 (bist.
1095 777 1202 848 froom.

186 855 343 944 ΗΜ),
384 864 464 940 quod
497 863 595 924 multa
626 866 730 940 paneis
761 863 925 924 absoluen't
957 855 1045 944 (corea
1073 858 1202 943 Papa).
1238 871 1256 919 t

186 953 299 1012 Aliter:
322 954 472 1013 sententia
492 971 554 1013 non
576 951 663 1012 debet
686 970 749 1013 esse
766 953 919 1028 prolixior,
941 972 978 1013 ne
996 971 1083 1012 aures
1101 954 1204 1012 oneret

187 1042 336 1101 auditoris
359 1045 389 1102 et
411 1060 471 1102 non
493 1041 686 1118 intellegatur
710 1033 882 1122 (muer

277 1129 334 1189 *si
359 1131 408 1189 uis
434 1131 600 1206 perfeetum
627 1148 701 1206 opus
728 1129 840 1206 faeere,
871 1130 1019 1191 breuitate
1046 1147 1122 1206 opus
1150 1131 1203 1203 eet,

188 1221 223 1278 ut
246 1219 308 1278 oito
333 1219 482 1278 sententia
503 1217 625 1277 finiatur
648 1210 744 1298 (P'ol

280 1299 340 1368 ll.
376 1307 438 1366 *ut
469 1325 602 1367 sermone
629 1325 704 1383 opus
732 1309 778 1367 est
804 1307 892 1367 modo
919 1308 1014 1381 tristi,
1045 1325 1133 1384 saepe
1160 1307 1202 1365 io·
1222 1313 1257 1370 to

185 1415 256 1456 ooso
278 1388 336 1477 (ξ)]
372 1395 454 1472 Idost
471 1414 547 1473 opus
566 1398 611 1456 est
629 1414 763 1456 sermone
782 1398 818 1472 ei,
841 1398 896 1473 qui
912 1397 992 1456 iooos
1011 1396 1092 1471 dicit,
1115 1394 1203 1455 modo

185 1485 364 1545 defendente
386 1486 483 1545 uioem
502 1487 638 1562 oratoris,
660 1484 748 1545 modo
766 1489 882 1561 poetae,
904 1485 992 1544 modo
1009 1486 1118 1545 urbani
1134 1504 1203 1560 par·

184 1575 283 1634 oentis
311 1573 426 1634 uiribus
452 1575 524 1634 suis.
569 1573 648 1633 Nam
676 1592 745 1632 oum
771 1574 888 1634 indueis
915 1575 1086 1650 loquentem
1112 1573 1203 1632 rusti·

184 1682 271 1737 oum,
297 1681 358 1722 non
385 1662 584 1737 debes·loqui
610 1681 665 1738 pro
692 1663 813 1741 ingenio
840 1666 906 1738 tuo,
933 1663 985 1722 sed
1006 1682 1061 1740 pro
1083 1661 1203 1740 ingenio

184 1753 296 1811 rustici
319 1744 431 1833 (ΓΎοζ
1222 1757 1256 1814 ,lo

280 1832 338 1905 13.
380 1838 564 1916 §Interdum
585 1859 615 1898 u.
635 1831 713 1921 (offl
758 1839 913 1900 Interdum
939 1840 1048 1900 urbani
1074 1839 1203 1899 bominis

183 1948 322 1989 sermone
350 1947 425 2006 opus
455 1932 513 2004 est,
546 1930 611 2005 qui,
642 1930 678 1986 ut
701 1929 847 1988 delicatus
869 1929 1019 2005 uideatur,
1051 1931 1149 1989 minus
1173 1947 1203 1988 se

183 2017 321 2078 ostendit
351 2019 463 2095 faeere,
495 2037 587 2095 quam
618 2019 727 2095 possit,
759 2018 811 2078 sed
842 2037 902 2077 non
934 2020 987 2094 qui
1016 2020 1049 2077 in
1078 2018 1203 2077 dioendo

183 2107 304 2167 uiribus
332 2110 451 2185 pareat,
479 2108 532 2169 sed
559 2108 612 2183 qui
635 2106 748 2184 alioqui
769 2110 898 2168 minores
920 2110 999 2168 uires
1022 2108 1204 2170 demonstret

200 2192 240 2256 Γ’
271 2198 331 2257 Vc¹
1222 2202 1257 2257 20

184 2190 199 2277 (
244 2197 338 2346 ful·
364 2277 422 2347 lb.
446 2284 647 2360 §Ridiculum
666 2276 767 2366 (νοζ)]
805 2280 941 2363 S<a>epe
963 2286 1093 2346 ioculare
1111 2286 1202 2345 mele·

184 2375 302 2435 dietum
330 2376 454 2453 grauius
481 2375 637 2449 uulnerat,
669 2393 760 2449 quam
781 2392 828 2434 res
852 2392 971 2452 aspera,
1001 2374 1079 2433 idest
1101 2377 1204 2450 satyra

200 2459 245 2523 P'
261 2464 335 2535 Vol

185 2456 201 2545 (
277 2551 387 2612 *Ioous
415 2570 502 2627 saepe
532 2552 600 2628 plue
623 2554 726 2615 mouet
747 2552 912 2627 hominem,
937 2570 1035 2627 ‚quam
1056 2570 1103 2611 res
1127 2554 1203 2611 aeris

185 2634 363 2720 (ΗΜ
1222 2645 1256 2702 tt

277 2728 491 2804 *Plerumque
523 2728 635 2805 inquit,
667 2732 793 2787 uenuste
821 2731 852 2787 et
878 2728 1004 2787 ridioule
1031 2727 1113 2789 diota
1135 2729 1203 2805 plus

186 2817 338 2893 mordent,
369 2836 459 2893 quam
486 2836 562 2894 quae
591 2818 699 2878 aeriter
727 2819 758 2876 et
784 2817 972 2877 turbulenter
993 2818 1113 2894 prolata
1135 2821 1205 2877 sunt

202 2902 247 2965 P'
278 2907 320 2978 o(

186 2899 201 2987 (
256 2910 340 3055 flii.
373 2994 446 3053 *Illi
468 2986 570 3076 (νοζ)]
611 2994 692 3055 Idest
716 2996 834 3071 antiqui
856 2994 1115 3073 comoediographi
1137 2995 1207 3059 ideo.

188 3085 379 3162 placuerunt,
393 3077 509 3161 qui<a>
518 3082 726 3159 temperabant
738 3083 856 3146 fabulas
871 3102 939 3144 suas
952 3086 1051 3145 iocoso
1065 3087 1097 3143 et
1109 3085 1204 3157 tristi3
1223 3088 1257 3146 80

188 3177 220 3233 et
252 3174 285 3231 bi
316 3171 405 3233 modo
436 3175 537 3249 partos
568 3171 696 3232 rhetoris
728 3172 943 3247 sequebantur,
979 3173 1066 3233 modo
1098 3174 1204 3248 poetae

186 3254 321 3343 (P'fot

281 3507 297 3556 3
311 3500 329 3556 i.
341 3518 364 3555 e.
375 3503 412 3572 e]
427 3516 460 3556 eo
474 3502 518 3566 est
530 3517 602 3570 opus
612 3504 646 3568 σζ
715 3500 808 3555 4sall:
823 3520 840 3555 ν
849 3501 965 3571 Perat]
979 3500 1097 3555 salustio
1111 3507 1169 3556 ortt.

190 3580 223 3628 11
245 3573 284 3645 ei]
304 3575 335 3628 et
350 3576 386 3637 οζ
462 3578 495 3636 16
513 3571 616 3627 urbani
633 3571 776 3629 interdum
797 3573 902 3639 Krioa
918 3579 977 3627 cett.
1055 3575 1088 3625 19
1107 3573 1206 3640 pareat

188 3676 224 3685 -
239 3644 424 3726 demonstret]
444 3660 496 3713 per
517 3644 714 3714 myleqeatiom
736 3646 822 3707 onec
935 3641 1053 3713 alioqui]
1077 3641 1167 3711 aliqui
1189 3663 1206 3697 ν

187 3716 318 3786 alioquin
334 3715 354 3782 s
368 3714 418 3769 alir
437 3715 487 3784 qui
504 3731 520 3769 e
591 3718 625 3767 22
645 3714 741 3783 satyra
758 3714 874 3790 erot]
890 3714 1016 3785 sathur
