2867 4175
588 345 792 401 PRAEFATIO
1171 350 1196 403 V

180 519 295 574 rionem
314 515 369 574 sub
392 517 633 575 commentatoris
651 517 770 574 nomine
789 515 898 575 diserte
916 517 1021 575 laudat
1039 536 1064 576 a.
1079 537 1107 593 p.
1126 520 1196 578 120.

181 604 351 682 Vergilium
380 603 502 663 subinde
525 604 682 663 Maronem
709 604 857 679 nominat,
885 605 1107 682 quodquidam
1130 626 1198 666 nns-

183 713 275 769 quam
308 693 343 752 fit
373 695 406 750 in
438 693 536 752 codice
563 690 602 750 A.
651 693 713 753 Nec
746 696 841 771 magis
873 697 1021 770 scriptura
1055 695 1198 769 Veryilius

182 785 331 858 reperitur
353 783 472 856 praeter
494 782 694 841 recensionem
716 777 763 840 A'.

272 871 460 930 scholiorum
488 868 507 945 ἓ
532 863 588 946 (=
604 863 710 944 F'Vcl
735 870 806 929 ordo
834 873 860 930 is
888 874 966 945 erat,
993 874 1028 929 ut
1053 872 1199 947 epistulae

182 965 340 1036 tamquam
373 977 477 1037 agmen
510 959 681 1019 clauderent
713 951 764 1040 (cf.
796 959 852 1035 epi.
881 959 912 1018 Π
940 962 968 1035 2,
993 953 1059 1035 68).
1113 960 1199 1020 Vnde

184 1051 296 1109 factum
315 1051 371 1122 est,
388 1052 423 1106 ut
440 1049 513 1107 hacc
531 1049 643 1107 scholia
661 1048 715 1108 sub
734 1048 822 1107 finem
839 1049 1035 1124 epistularum
1050 1052 1081 1107 et
1093 1069 1200 1109 manca

185 1144 213 1197 et
245 1139 389 1212 corrupta
420 1139 452 1194 in
484 1140 600 1196 nostras
632 1157 738 1196 manus
765 1140 909 1196 uenerint.
956 1137 1033 1206 Quid
1060 1139 1141 1214 quod
1167 1142 1200 1198 in

184 1231 277 1302 stirpe
295 1227 324 1283 Z
342 1218 399 1307 (=
413 1227 473 1300 cp?
488 1225 609 1284 Ferror.
629 1218 773 1306 Florem.)
797 1246 898 1287 omnes
916 1228 1035 1286 omnino
1055 1229 1200 1302 epistulae

182 1317 410 1392 praetermissae
443 1317 520 1374 sunt.
569 1314 628 1374 Hic
659 1317 753 1393 igitur
784 1316 898 1376 codices
929 1311 968 1373 Γ’
997 1308 1121 1397 (ryv)V
1144 1337 1199 1393 pro

184 1406 306 1480 optimis
334 1404 460 1463 testibus
487 1403 615 1462 habendi
643 1406 725 1479 sunt,
751 1409 817 1478 aut,
840 1405 866 1464 si
894 1404 922 1461 V
941 1404 1048 1481 deficit,
1072 1401 1111 1462 Γ’
1134 1407 1200 1481 soli,

184 1501 216 1552 ut
240 1495 298 1568 epi.
316 1492 347 1551 H
372 1495 400 1567 2,
417 1492 606 1566 ill—fin,
634 1496 687 1551 aut
709 1493 778 1566 PV,
806 1493 858 1550 ubi
886 1493 985 1553 codice
1012 1515 1031 1551 ν
1059 1513 1201 1570 caremus,

184 1587 216 1642 ut
240 1582 333 1658 epil
358 1580 493 1640 20—11
518 1583 546 1653 2,
564 1582 619 1656 653
648 1585 677 1640 et
704 1582 841 1656 quamuis
868 1582 900 1639 in
924 1583 1059 1659 epistulis
1083 1602 1201 1659 quoque

186 1673 365 1732 scholiorum
383 1664 460 1728 P'V
473 1670 604 1728 indolem
627 1689 694 1729 cum
712 1672 881 1730 recensione
900 1668 919 1745 ξ
938 1672 1114 1747 plerumque
1134 1691 1200 1731 con·

185 1762 295 1840 sentire
322 1761 450 1833 constet,
478 1759 551 1817 adeo
578 1761 613 1817 ut
640 1761 713 1835 quin
740 1760 803 1819 illic
831 1760 920 1819 schol.
941 1753 1016 1820 F'V
1039 1779 1143 1818 reuera
1167 1782 1202 1820 ex

184 1851 355 1910 recensione
383 1845 402 1922 ξ
427 1847 567 1906 fluxerint
589 1849 640 1905 uix
662 1851 758 1923 possis
782 1849 931 1923 dubitare,
958 1852 1059 1908 tamen
1083 1852 1153 1923 quia
1175 1851 1204 1908 Z

186 1940 280 2013 deest,
303 1939 412 1996 timens
435 1935 547 2012 nequid
569 1938 680 1995 temere
702 1939 912 2013 interpoletur,
940 1957 999 1996 non
1023 1957 1112 1997 ausus
1136 1957 1202 1997 sum

185 2025 369 2105 paragraphi
392 2024 499 2084 addere
522 2027 647 2103 signum.
688 2026 769 2084 Nam
789 2045 824 2085 ea
841 2029 908 2102 ipsa
931 2027 966 2084 de
990 2045 1080 2085 eausa
1102 2047 1202 2088 recen-

186 2120 298 2176 sionem
322 2115 350 2172 Z
371 2134 552 2190 quamquam
575 2116 790 2174 nouissimam*
813 2117 894 2175 haud
917 2136 1039 2192 prorsus
1063 2136 1201 2192 spernen-

186 2207 255 2264 dam
282 2204 433 2279 duximuS,
464 2206 536 2279 quia
562 2204 666 2263 multis
694 2205 974 2280 interpolationibus
1001 2225 1036 2264 ex
1064 2206 1153 2265 schol.
1177 2208 1207 2265 Γ

186 2292 319 2354 oriundis
342 2312 402 2351 non
425 2296 565 2368 corrupta
589 2296 642 2367 est,
664 2294 696 2351 id
719 2294 798 2370 quod
821 2295 988 2353 luculenter
1006 2294 1153 2368 docemur,
1177 2298 1203 2355 si

184 2384 255 2442 libri
283 2380 399 2457 epodon
425 2381 515 2440 finem
543 2401 762 2457 comparamus,
793 2382 846 2441 ubi
872 2400 910 2455 cp
938 2386 1108 2442 constanter
1136 2403 1203 2443 eum

185 2470 238 2547 A§
269 2463 354 2552 (uide
381 2469 457 2528 Add.
480 2472 538 2529 uol.
553 2470 584 2528 II
606 2492 636 2547 p.
651 2463 744 2551 511),
777 2471 805 2528 V
829 2491 899 2530 uero
926 2463 1091 2553 (interpol.)
1116 2491 1203 2548 saepe

186 2581 251 2620 cum
276 2560 421 2618 Placere
444 2559 586 2618 uidemus.
632 2558 795 2618 Ceterum
818 2562 937 2619 nescio
961 2579 1004 2619 an
1027 2562 1101 2619 fere
1124 2561 1202 2619 ubi·

186 2669 266 2725 que,
294 2647 375 2706 dum
401 2649 454 2706 vV
479 2650 687 2725 congruant,
720 2650 829 2707 etiam
856 2649 1115 2722 defi-cientibus
1144 2651 1206 2723 cp}

185 2742 223 2797 nt
241 2740 278 2796 in
297 2738 389 2812 ipsis
408 2736 649 2811 epistularum
666 2736 787 2811 libris,
805 2739 945 2814 signum
962 2736 980 2810 ξ
1000 2739 1077 2796 iure
1090 2739 1204 2797 fuerit

187 2825 476 2887 adscribendum.
503 2866 505 2871 -

274 2915 488 2976 Recensionem
510 2914 538 2970 Z
563 2933 599 2971 ex
627 2914 688 2972 eod.
718 2909 765 2988 V',
792 2914 870 2973 unde
899 2915 1011 2990 Vipse
1038 2915 1203 2991 descriptus

187 3008 239 3079 est,
262 3002 410 3080 originem
426 3004 552 3061 traxisse
571 3004 673 3061 multis
692 3003 765 3061 locis
784 3003 926 3062 facillim
943 3004 1073 3079 perspici
1090 3008 1203 3080 potest:

187 3093 327 3152 librarius
357 3091 383 3149 V
405 3092 555 3166 exemplar
582 3111 668 3151 suum
696 3093 951 3166 scrupulosissime
974 3092 1142 3168 descripsit,
1173 3096 1204 3153 et

188 3182 286 3257 siquid
305 3183 387 3239 certo
403 3181 501 3258 legere
520 3179 672 3255 nequibat,
690 3180 722 3238 id
741 3184 794 3239 aut
811 3181 961 3240 timidiora
980 3182 1107 3256 quodam
1122 3183 1203 3241 litte·

188 3286 287 3329 rarum
320 3269 412 3329 ductu
440 3272 494 3327 aut
519 3269 629 3327 litteris
657 3269 774 3344 aliquot
800 3270 849 3327 uel
876 3270 999 3329 uocibus
1030 3273 1144 3329 omissis
1173 3275 1204 3329 et

276 3511 289 3538 *
309 3509 376 3563 Cod.
401 3526 415 3563 e
438 3524 508 3563 saec.
527 3508 579 3561 XV
604 3508 724 3579 scriptus
748 3511 804 3580 est,
827 3509 900 3567 item
921 3512 1042 3567 auctore
1062 3508 1221 3564 anamim

193 3581 246 3634 eod
258 3600 287 3648 p
304 3583 335 3633 ot
351 3580 408 3632 0011»
426 3584 447 3642 t
465 3580 647 3637 Ferrarense'c
666 3586 696 3639 et
710 3584 907 3645 Florentiola
925 3578 1239 3644 auctoreltamon'ma.

181 3650 287 3726 Petrae
303 3648 422 3727 estneod.
439 3649 565 3704 classii
580 3672 621 3709 nr.
639 3661 695 3714 192
710 3658 925 3721 bibliothecae
935 3654 1150 3720 bertarenae,
1162 3650 1258 3705 nter.

171 3716 209 3762 est
223 3717 371 3766 soeretatrs
389 3715 592 3796 Columbariae
613 3732 680 3789 cod.
700 3752 750 3793 nr.
768 3745 782 3795 1
