2867 4175
246 347 312 412 294
582 345 705 402 8οΗοὴ
717 345 827 402 PVIN
843 344 929 400 Hos.

245 515 364 574 tantum
387 516 419 572 in
437 533 533 589 scena,
555 515 591 574 fit
608 517 710 574 tantus
729 516 871 592 strepitus
893 533 948 590 per
965 513 1095 587 theatra,
1118 512 1154 572 ut
1172 513 1258 589 putea

244 623 299 679 per
325 604 474 682 fragorem
500 622 638 663 resonare
664 606 780 664 montes
802 603 931 679 Apuliae
955 604 987 661 ot
1006 600 1147 680 Gargani
1168 602 1262 661 siluas

244 695 389 841 ῖὶὴοωατθ
408 693 548 766 Tuscum3
581 693 661 768 quod
688 693 764 753 solet
786 692 919 752 ualidius
941 691 1007 750 fieri
1029 709 1131 751 meuse
1153 691 1260 750 Ianua-

209 901 225 949 5
313 774 418 948 (γ204.
459 883 635 968 <Oblitus>]
681 881 792 967 [Idest]
819 886 952 963 undique
975 905 1048 946 sono
1072 887 1210 964 perfusus
1232 888 1261 945 et

245 977 431 1036 tumultuet
455 977 651 1038 admiratione
673 977 840 1036 bestiarum
864 968 949 1058 (be
954 976 983 1035 V

336 1076 419 1144 206.
451 1083 599 1158 Loquitur
621 1102 657 1142 ex
678 1102 806 1159 persona
828 1101 944 1156 eorum,
974 1083 1026 1157 qui
1050 1081 1220 1141 recedentes
1243 1101 1261 1140 a

245 1172 364 1249 pulpito
393 1171 430 1232 ad
459 1171 543 1231 ludos
571 1174 669 1230 ierant
694 1174 863 1247 iterumque
889 1173 1072 1229 reuertentes
1095 1173 1262 1272 requirunt,

245 1263 348 1319 utrum
370 1262 460 1336 poeta
483 1260 598 1335 aliquid
620 1261 691 1320 boni
713 1261 764 1318 uel
784 1261 857 1319 noui
879 1260 1001 1333 dixerit,
1035 1262 1066 1318 et
1088 1260 1155 1318 ille:
1187 1259 1261 1317 mhil

192 1358 226 1410 10
244 1350 316 1409 boni
339 1342 449 1430 (Paos
454 1350 483 1409 V

335 1448 417 1517 207.
454 1455 645 1515 *violacium
668 1459 698 1515 et
720 1474 902 1532 purpureum
925 1455 1053 1515 colorem
1076 1447 1110 1535 (r

335 1556 418 1622 208.
443 1562 550 1622 Sensus
571 1564 630 1622 est:
652 1580 689 1621 ne
708 1563 785 1621 forte
803 1564 890 1638 putes
908 1581 956 1621 me
974 1563 1158 1637 uituperare,
1181 1560 1260 1638 quod

246 1653 299 1710 alii
321 1653 438 1710 faciunt
460 1650 642 1711 comoediam
665 1654 695 1710 et
717 1650 912 1728 tragoediam,
936 1651 1007 1725 quia
1028 1650 1259 1724 remmiscere,

245 1741 342 1805 dicam
371 1740 442 1814 tibi,
475 1742 545 1815 quia
573 1740 625 1799 ille
651 1743 741 1816 poeta
768 1741 889 1799 uidetur
914 1739 989 1797 mihi
1016 1739 1112 1798 bonus
1141 1758 1204 1800 esse
1230 1741 1260 1798 et

194 1840 226 1889 15
244 1849 309 1888 rem
344 1829 495 1888 difficilem
532 1828 655 1907 aggredi
690 1847 777 1905 posse
812 1830 843 1886 et
875 1828 962 1904 quasi
992 1846 1047 1903 per
1078 1827 1261 1887 funiambuli

245 1913 390 1996 <rest>im
412 1918 584 1991 discurrere,
608 1918 660 1993 qui
682 1918 775 1977 etiam
794 1919 943 1993 potestate
961 1918 1103 1976 carminis
1122 1917 1160 1976 de
1178 1918 1261 1976 inani

244 2026 276 2065 re
299 2006 470 2065 moderatur
493 2007 614 2064 affectus
639 2008 733 2065 animi
750 2008 809 2065 mei
827 1998 918 2088 (cons.
937 1998 1068 2086 Poeni),
1090 2008 1128 2064 ut
1146 2005 1260 2081 aliquid

244 2097 373 2156 scribens
400 2116 478 2155 nunc
506 2096 692 2173 constringat
719 2096 852 2155 animum
880 2096 919 2155 ad
942 2095 1087 2169 dolorem,
1118 2098 1260 2172 prouocet

245 2186 284 2243 ad
311 2186 414 2260 fortia,
445 2186 574 2244 mulceat
601 2187 724 2259 iterum,
756 2203 833 2243 nunc
856 2187 968 2243 terreat
991 2186 1021 2242 et
1045 2186 1133 2259 quasi
1156 2202 1259 2261 magus

192 2284 226 2333 20
245 2275 403 2349 promittat
430 2292 461 2332 se
489 2293 575 2351 agere
598 2294 721 2351 magna,
750 2273 891 2333 uidelicet
913 2276 948 2331 ut
971 2273 1140 2332 describens
1163 2275 1260 2333 locum

245 2363 414 2421 Thebarum
443 2365 491 2421 uel
517 2362 703 2421 Athenarum
730 2363 868 2422 uideatur
894 2363 970 2420 mihi
996 2381 1043 2420 me
1071 2363 1178 2421 statim
1204 2362 1260 2419 huc

244 2453 404 2510 transferre
428 2444 537 2533 (subs
544 2453 571 2511 V

336 2552 417 2619 209.
455 2551 664 2636 *<Maligne>]
705 2557 770 2615 Hoc
800 2560 858 2616 est:
895 2559 937 2616 sic
964 2556 1102 2632 laudare,
1134 2559 1170 2616 ut
1197 2576 1260 2616 car-

194 2746 228 2795 25
245 2667 316 2723 pam
337 2639 432 2796 {Ilii
443 2735 545 2795 Potest
566 2736 622 2794 hoc
645 2734 779 2812 intellegi
803 2725 905 2814 (Verq.
924 2730 992 2793 Aen
1018 2733 1062 2791 VI
1082 2726 1177 2815 662):

379 2859 495 2935 Quique
518 2860 562 2935 pii
583 2862 669 2919 uates
693 2861 723 2918 et
745 2858 863 2916 Phoebo
887 2857 979 2935 digna
1000 2858 1096 2916 locuti
1118 2850 1239 2939 (PcbV

336 2993 418 3061 217.
442 2996 602 3079 <Calcar>]
642 3000 802 3059 Stimulum
825 3002 855 3059 et
877 3002 1100 3059 irritamentum
1118 3001 1260 3060 carminis

246 3089 392 3151 scribendi
415 3082 556 3169 (Pobe
566 3092 593 3148 V

335 3300 351 3346 2
371 3310 469 3348 sonare
488 3315 504 3364 γ
595 3300 610 3348 5
630 3295 703 3348 idest
722 3298 749 3347 Γ
759 3312 810 3349 om.
825 3295 843 3359 f
850 3294 877 3347 V
891 3293 944 3346 alit
962 3293 977 3346 b
1068 3298 1085 3347 8
1104 3295 1200 3366 requz]
1219 3293 1261 3347 in·

247 3364 361 3434 quirunt
379 3385 394 3420 r
502 3370 517 3417 9
536 3366 643 3437 utrum]
662 3382 732 3419 enr
821 3367 850 3419 et
864 3397 897 3404 —
913 3364 980 3417 boni
997 3364 1082 3435 ναῖ’]
1102 3381 1154 3419 oon.
1170 3366 1231 3434 ybs

246 3436 329 3508 nihil]
347 3437 423 3491 nilr
496 3442 528 3489 12
548 3438 601 3507 est]
621 3454 671 3491 om.
686 3438 735 3491 rV
804 3440 836 3489 15
855 3434 1053 3489 funambulum
1072 3439 1120 3489 Γα
1138 3435 1260 3490 funiam-

245 3508 341 3561 bulum
352 3510 379 3562 V
392 3507 585 3561 funambulum
600 3508 617 3575 f
634 3508 748 3580 lulumb
766 3506 937 3560 funiambuli
955 3506 1053 3561 restim
1071 3509 1172 3576 auspic.
1188 3508 1226 3561 K.

233 3585 272 3631 17
286 3581 458 3637 moderatur
476 3581 562 3651 rubf
573 3580 694 3654 Porpb]
709 3578 875 3634 moderatus
893 3579 937 3645 av
1013 3582 1050 3627 ‘au
1065 3579 1188 3657 magna]
1202 3594 1261 3632 ma-

216 3650 289 3719 gica
308 3654 429 3713 Fabae.
525 3663 562 3713 25
581 3657 684 3731 potest
704 3652 787 3724 subl
801 3650 872 3732 nost
888 3648 932 3699 ’Ν
1015 3650 1052 3694 22
1071 3658 1204 3693 carmus
1217 3662 1275 3694 sur.

205 3726 335 3799 ΜΕ]
354 3731 513 3791 scribendi
536 3730 684 3791 carminis
704 3728 735 3784 V
752 3721 896 3781 carminis
913 3716 948 3782 tf
