2867 4175
249 348 287 401 IV
654 343 858 398 PRAEFATIO

250 516 435 575 euanuerunt
453 514 543 574 schol.
556 512 586 572 A
606 533 668 590 epo.
686 517 736 586 16,
752 515 891 572 62-66.
919 514 1099 592 Fragmenta
1115 514 1264 572 Hambur-

251 605 353 682 gensia
370 603 485 663 adiecta
499 605 616 662 suntin
629 602 836 660 ADDIINDIS
855 622 884 678 p.
900 603 964 661 510
975 620 1017 680 sq.
1055 601 1264 680 Congruunt

252 696 352 752 autem
382 691 634 767 propemodum
668 692 711 750 ad
742 691 888 749 uerbum
920 710 996 750 cum
1027 692 1073 751 iis
1101 691 1263 764 scholiiS,

252 801 341 857 quae
364 781 399 839 in
422 782 537 840 laeuis
560 782 705 858 paginis
729 781 891 839 dedimus
915 781 1100 857 438-462,
1117 782 1162 838 ita
1180 784 1215 839 ut
1233 783 1264 838 in

251 889 367 929 summa
394 889 511 945 quaque
538 870 649 947 pagina
676 869 802 928 scribere
827 869 959 927 licuerit:
987 867 1197 928 EXPOSITIO
1221 870 1266 926 IN

252 958 343 1019 HOR.
367 957 482 1018 IIPOD.
508 960 547 1016 16
572 961 625 1017 aut
650 961 699 1016 17.

341 1047 436 1123 Atqui
463 1049 517 1107 illa
540 1047 651 1106 scholia
675 1049 745 1106 sunt
767 1047 902 1106 codicum
924 1048 1006 1122 va,
1034 1047 1180 1123 planeque
1204 1047 1265 1105 effi-

253 1139 331 1196 citur
358 1139 390 1194 in
417 1137 567 1194 uolumine
594 1138 691 1211 primo
719 1154 769 1195 eas
796 1137 1070 1211 interpretationes,
1099 1137 1135 1194 de
1159 1135 1265 1211 quibus

254 1225 367 1285 codices
400 1226 491 1298 vap
523 1225 571 1283 uel
600 1226 667 1298 ch
698 1226 777 1283 inter
807 1244 837 1284 se
870 1226 1072 1298 consentiunt,
1106 1225 1267 1282 maximam

253 1317 369 1390 partem
397 1334 432 1373 ex
459 1333 529 1374 uero
557 1314 761 1373 Pseudacrone
788 1305 828 1372 A'
854 1313 985 1389 fluxisse,
1017 1316 1045 1371 Γ
1068 1332 1138 1371 uero
1166 1333 1202 1372 ne
1230 1313 1267 1371 iis

255 1404 373 1479 quidem
401 1403 486 1478 locis,
518 1402 570 1460 ubi
598 1422 664 1462 cum
688 1403 716 1462 V
740 1402 889 1480 congruit,
921 1405 985 1461 siue
1015 1403 1201 1461 dubitatione
1229 1402 1269 1460 ad

254 1494 453 1551 recensionem
475 1483 516 1550 A‘
538 1509 624 1567 posse
647 1493 759 1550 referri.

272 1624 274 1629 .
343 1582 463 1657 Itaque,
492 1581 733 1656 quandoquidem
760 1581 872 1640 scholia
899 1581 968 1639 va
995 1581 1073 1639 inter
1095 1599 1126 1639 sc
1149 1598 1268 1639 concor-

255 1671 371 1743 dantia,
404 1673 550 1746 quatenus
578 1669 708 1728 codicem
735 1668 765 1727 A
792 1671 891 1745 ipsum
918 1687 1088 1744 comparare
1116 1669 1198 1741 licet,
1231 1668 1269 1725 ad

256 1761 379 1834 stirpem
400 1759 430 1817 A
453 1758 586 1833 proxime
610 1759 762 1832 accedunt,
787 1759 879 1817 etiam
900 1759 932 1815 in
955 1760 1011 1817 hoc
1034 1758 1161 1817 secundo
1184 1758 1268 1816 uolu-

255 1850 344 1922 mine,
368 1848 487 1906 scholiis
510 1845 540 1905 A
563 1847 682 1906 omnino
706 1846 918 1921 deficientibus,
940 1847 972 1904 id
989 1847 1178 1922 potissimum
1195 1847 1270 1904 milri

257 1936 407 2012 proposui,
426 1939 460 1994 ut
477 1937 678 1995 recensionem
691 1937 761 1995 va
775 1927 828 2016 (P'
837 1937 880 1993 Vc
897 1937 946 1994 uel
964 1928 1057 2016 FVo)
1078 1956 1112 1994 er
1129 1937 1271 1993 uniuersa

257 2025 400 2083 librorum
419 2025 505 2102 copia
523 2029 668 2101 quantum
685 2025 772 2101 potui
791 2025 936 2102 elegerem
952 2027 982 2083 et
997 2025 1083 2101 quasi
1096 2042 1270 2083 exsecarem.

257 2116 345 2173 Talia
367 2115 488 2189 scholia,
511 2134 588 2191 quae
611 2117 682 2173 nota
706 2112 726 2189 ξ
749 2114 936 2191 insignienda
959 2114 1137 2189 curauimus,
1159 2116 1192 2172 in
1211 2133 1272 2173 ser·

257 2204 393 2262 monibus
414 2206 444 2262 et
462 2206 525 2262 arte
544 2206 662 2279 poetica
680 2205 810 2262 centiens
828 2203 969 2261 inuenies.
1003 2203 1047 2260 De
1065 2204 1153 2263 huius
1171 2222 1271 2262 recen-

258 2292 350 2351 sionis
381 2295 499 2351 auctore
528 2294 563 2351 cf.
592 2312 668 2368 quae
702 2293 872 2368 scripsimus
902 2292 934 2349 in
961 2292 1020 2350 uol.
1044 2292 1059 2348 I
1085 2293 1271 2367 praefatione

258 2402 287 2456 p.
310 2381 384 2439 XIII
411 2384 442 2439 et
468 2381 601 2439 Addend.
625 2380 656 2438 Π
683 2401 711 2457 p.
737 2382 809 2439 508.
856 2379 1092 2439 Christianorum
1122 2397 1273 2438 sacrorum

260 2488 361 2545 expers
381 2462 431 2551 (cf.
451 2488 526 2545 quae
545 2469 580 2527 de
600 2470 702 2545 Moyse
725 2490 757 2527 re
778 2489 794 2527 e
812 2470 969 2527 Iudeorum
992 2469 1145 2527 fabulatur
1168 2488 1189 2526 a.
1209 2468 1224 2525 I
1244 2470 1272 2541 9,

262 2560 311 2617 70.
335 2561 488 2633 praeterea
507 2560 543 2617 cf.
558 2577 580 2617 s.
597 2558 612 2615 I
636 2560 664 2633 5,
686 2560 737 2617 24.
806 2559 834 2631 6,
855 2560 904 2617 20.
926 2560 954 2631 7,
974 2550 1008 2637 4)
1027 2558 1136 2616 uixisse
1154 2558 1273 2615 uidetur

260 2666 286 2705 a.
307 2649 411 2705 450-
419 2648 495 2720 500,
519 2647 680 2721 TheotIsti,
708 2666 767 2723 quo
790 2646 960 2705 Priscianus
983 2647 1103 2705 doctore
1127 2664 1196 2704 usus
1220 2650 1273 2717 est,

260 2737 449 2812 grammatici
476 2729 512 2815 (s.
532 2736 547 2792 I
571 2737 600 2809 5,
625 2728 681 2817 97)
705 2755 741 2794 ac
764 2735 861 2795 Seruii
883 2735 1022 2813 Magistri
1044 2734 1179 2810 aequalis
1203 2728 1274 2815 (sl

262 2829 291 2898 9,
317 2816 380 2904 76).
423 2823 544 2882 Partem
567 2827 649 2883 uitae
671 2827 704 2882 in
727 2825 798 2884 iube
821 2823 916 2882 Roma
938 2825 1033 2900 egisse
1055 2824 1206 2900 putandus
1230 2826 1274 2881 est

262 2907 298 2993 (s.
318 2914 333 2970 I
357 2914 386 2987 8,
411 2914 438 2971 7.
464 2915 504 2970 14
529 2905 595 2993 al.);
623 2914 758 2974 Africam
781 2915 872 2985 certe,
899 2912 1111 2988 Porphyrionis
1134 2915 1273 2987 patriam,

261 3021 320 3060 non
344 3002 429 3059 nouit
452 2993 502 3081 (cf.
521 3021 585 3077 epo.
606 3005 634 3077 2,
650 3004 690 3062 53
715 3003 768 3061 ubi
789 3004 965 3061 strationem
988 3002 1062 3060 dicit
1083 3021 1138 3076 pro
1161 3003 1273 3079 gallina

261 3082 445 3170 NumidIoa).
494 3091 537 3149 Vt
563 3091 700 3169 Vergili*
731 3093 915 3164 aliorumque
947 3091 1109 3150 multorum
1140 3093 1273 3149 ueterum

262 3180 508 3253 studiosissimus,
544 3181 602 3254 ita,
639 3183 665 3240 si
696 3181 845 3240 codicibus
876 3181 1086 3254 manuscriptis
1118 3179 1189 3237 fides
1223 3180 1273 3251 est,

262 3288 369 3344 parurn
402 3288 510 3345 gnarus
540 3270 631 3328 firisse
659 3274 784 3346 apparet
811 3270 953 3328 sermonis
981 3267 1093 3327 Graeci.
1143 3267 1274 3343 Porphy-

353 3510 418 3563 *οἱ
436 3510 490 3580 epi
504 3510 557 3576 17,
577 3515 611 3563 48
629 3511 679 3565 ubi
696 3529 748 3566 nec
764 3512 857 3564 uarias
871 3509 1006 3565 lectiones
1020 3509 1104 3563 Ver
1121 3509 1198 3561 'anas
1214 3524 1274 3561 eum

225 3571 355 3681 vas'rsse
375 3581 523 3637 uidemus:
545 3582 629 3656 Verg.
646 3584 716 3640 Aen.
731 3582 798 3638 VIII
816 3588 881 3637 abl:
896 3580 1040 3635 Irautis
1097 3579 1193 3644 armis
1211 3578 1275 3632 licet

225 3634 351 3700 heatus
368 3653 403 3703 et
417 3652 499 3711 latis
530 3657 609 3713 Item
631 3658 669 3713 de
685 3658 778 3713 uariis
791 3655 967 3712 lectionibus
975 3650 1144 3707 asariam
1153 3648 1287 3699 nonnxutu

208 3702 654 3801 '⁶⁰ft11t212‚5o.c‚87
