2867 4175
589 351 732 407 sellun
747 358 770 406 1.
786 357 802 406 t
1137 349 1199 414 125

277 516 473 599 Qu<n>erem
485 512 548 602 (ν)]
584 521 666 581 Idest
681 521 785 580 uolens
802 518 919 580 inuidia
931 519 1070 596 fragilem
1083 518 1200 578 loedere

187 610 324 670 inueniet
344 629 393 670 me
414 610 549 670 solidum.
586 610 697 669 Aliter:
720 611 854 669 inueniet
874 628 922 667 me
940 609 1041 682 telem,
1064 609 1116 684 qui
1134 625 1201 684 pos·

188 701 246 758 sim
268 700 404 758 resistere
427 698 614 758 mordacibus
637 702 667 757 et
689 698 842 757 maledicis
864 697 1034 756 hominibus
1053 689 1104 776 (Γ
1108 699 1128 770 f
1132 696 1162 755 V

278 803 450 882 *Offeudefl
494 805 636 883 impinget
652 805 685 862 in
703 805 841 880 solidum,
863 804 942 864 idest
958 806 991 862 in
1008 802 1136 863 solidum
1154 823 1201 860 me

188 899 280 970 etque
303 895 411 954 fortem
433 895 564 954 incurret
587 886 640 974 (Γ
1239 901 1255 951 5

281 993 338 1062 79.
362 996 547 1078 *Diffingere
566 993 648 1082 lvci]
686 999 849 1073 infirmare,
872 999 1082 1073 contradicere,
1099 1000 1130 1057 et
1147 998 1203 1056 hoc

190 1089 349 1150 Trebatius
376 1089 542 1166 respondit3
569 1090 643 1148 iuris
671 1088 764 1149 uerbo
785 1106 857 1148 ueris
880 1091 932 1147 est
978 1087 1102 1148 Praetor
1124 1088 1203 1145 enim

189 1178 306 1240 uisset
331 1179 443 1238 dicere:
474 1179 524 1238 bic
550 1178 614 1237 dies
638 1177 754 1236 diffisus
777 1180 849 1237 esto.
894 1177 1004 1236 Aliter:
1035 1176 1113 1236 idest
1135 1194 1202 1234 eon·

189 1269 287 1327 sentio
306 1267 364 1325 tibi
381 1268 445 1342 hoc,
468 1267 547 1344 quod
565 1268 652 1327 fortis
671 1285 710 1342 es,
734 1265 785 1325 sed
804 1269 904 1324 temen
922 1284 993 1325 caue
1012 1269 1047 1324 ut
1063 1266 1205 1338 monitus,

188 1377 226 1416 ue
249 1359 393 1435 ignorans
414 1357 494 1434 leges
517 1357 619 1415 uenies
641 1357 674 1414 iu
696 1357 808 1415 crimen
832 1347 908 1436 (f‘f
1128 1386 1130 1388 ·
1224 1363 1256 1412 10

282 1455 341 1523 81.
365 1462 445 1532 Quid
468 1465 636 1522 sanctarum
656 1453 718 1543 (ν)]
756 1461 953 1538 Perticipium
971 1465 1018 1520 est
1034 1463 1204 1520 sanctarum

189 1552 271 1635 idest
292 1551 477 1611 firmaturum
499 1551 538 1610 eb
560 1570 610 1626 eo,
632 1551 714 1628 quod
735 1553 781 1610 est
803 1553 929 1610 soncior.
974 1549 1008 1608 Si
1030 1552 1130 1609 eutem
1152 1568 1203 1608 no·

189 1660 260 1700 men
284 1643 342 1699 est:
365 1660 440 1716 quse
463 1660 522 1699 non
545 1639 653 1698 debent
674 1640 784 1699 uiolari
808 1631 860 1718 (F
872 1640 900 1695 V
1286 1636 1289 1640 *

283 1739 343 1807 82.
367 1745 430 1821 §Si
447 1747 528 1805 mele
546 1746 630 1806 cond.
648 1737 729 1828 (νζ)]
771 1747 928 1805 Trebatius
946 1746 1027 1804 melu
1045 1747 1131 1820 quusi
1149 1746 1204 1802 cri·

191 1837 310 1895 minosa
332 1835 416 1912 dixit,
439 1835 583 1895 Horatius
606 1837 692 1911 quusi
714 1836 826 1895 uitiosa
848 1827 901 1915 (Γ
912 1835 973 1906 Vc?
1225 1844 1257 1892 15

283 1935 342 2002 86.
379 1940 569 2017 §Soluentur
596 1933 695 2022 cvcffl
742 1941 823 2000 Idest
854 1941 995 2000 ridebunt
1025 1941 1125 2018 legum
1147 1938 1205 1998 XII

192 2030 324 2091 ebuso.
370 2031 416 2091 Tu
438 2033 557 2092 ueniam
578 2031 727 2091 merebere
751 2049 770 2090 u
791 2031 952 2106 iudicibus,
978 2032 1005 2089 ei
1027 2048 1206 2106 quemquem

192 2122 258 2200 ipse
281 2124 366 2181 extre
387 2140 496 2181 noxum
518 2122 635 2197 positus
656 2123 721 2179 iure
743 2121 889 2181 laceraret
911 2112 1033 2200 (ercg

626 2598 740 2658 SERM.
762 2602 780 2657 2

287 2732 319 2800 l.
362 2736 515 2819 §Qu<a>e
543 2743 640 2800 uirtus
668 2745 698 2800 et
726 2744 839 2818 quante
866 2734 895 2822 (o
912 2759 987 2800 cons·
1002 2732 1045 2822 ζ)]
1092 2738 1207 2800 Ofellus
1225 2750 1259 2798 20

195 2830 307 2889 dicitur
347 2832 438 2905 poete
471 2829 598 2889 Intinus
635 2832 747 2890 sectam
783 2830 915 2891 Stoicam
950 2831 1139 2891 transtulisse
1175 2832 1207 2888 in

195 2918 390 2978 immotum
416 2910 541 2999 (uuor
643 2960 649 2970 s

284 3022 408 3100 §Ordoz
431 3044 509 3099 quse
536 3027 632 3084 uirtus
659 3027 700 3084 sit
726 3045 821 3101 peruo
843 3028 945 3085 uiuere
966 3026 1072 3085 discite
1086 3018 1210 3106 (F'Vci

287 3124 321 3191 2.
349 3129 441 3205 §Nec
463 3150 547 3190 meus
569 3135 616 3191 est
638 3150 733 3191 sermo
757 3125 818 3214 (ν)]
863 3133 904 3196 ln
921 3134 976 3191 hoe
999 3151 1131 3191 sermone
1155 3132 1208 3189 snb

196 3239 323 3297 persone
347 3218 437 3279 Otelli
465 3219 617 3279 cuiusdam
641 3220 735 3280 Stoici
761 3223 874 3280 laceret
900 3222 1066 3281 luxuriosos
1089 3213 1211 3302 (ercc
1227 3231 1260 3279 25

196 3328 231 3369 ee
249 3310 357 3382 Porph.

286 3512 441 3567 toffendit
458 3514 508 3566 ν’
564 3514 638 3567 idest
652 3546 686 3553 —
700 3514 799 3585 sclid:]
819 3532 869 3569 om.
884 3535 901 3568 ν
1005 3514 1162 3567 oincurret
1180 3515 1208 3584 γ]

196 3584 317 3639 incurrit
334 3601 412 3638 rom.
427 3605 444 3638 e
517 3586 756 3655 ssoontrsdicere]
775 3586 856 3640 etiem
873 3602 896 3651 c,
910 3591 997 3640 cetera
1014 3586 1209 3650 om.,tomeia

197 3672 248 3711 om.
322 3660 356 3709 18
375 3671 477 3709 nexem
487 3655 540 3726 Vc]
559 3656 672 3710 noxiam
689 3673 747 3710 rec
816 3657 907 3725 poesis
925 3656 986 3710 iure
1003 3656 1128 3709 lacerare
1141 3659 1177 3717 c(

197 3732 232 3781 22
250 3724 371 3781 lstinem
391 3727 417 3781 V
429 3726 549 3780 latinum
563 3730 598 3792 οζ
667 3733 700 3784 26
720 3727 867 3785 leseratV
