2867 4175
576 334 824 396 uersurum
1142 337 1208 414 275

191 498 307 563 mido’:
330 503 421 563 timeo
444 521 506 564 esse
528 503 701 564 fastidiosus
724 505 756 562 et
778 505 973 579 contemptor,
995 505 1046 564 sed
1068 505 1207 565 honestes

193 592 400 654 exeusationes
424 611 544 668 quaero,
566 611 603 652 ne
625 592 749 652 recitem
770 583 912 674 (P'abf
921 593 950 652 V

248 727 254 744 „
285 673 345 742 47.
380 681 503 741 Diludia
534 680 674 740 dieantur
703 684 853 757 tempore,
885 699 961 757 quae
990 681 1207 759 gladiatoribus

194 771 398 854 oonoeduntur
414 772 495 830 inter
511 769 573 829 dies
591 788 757 844 munerum,
775 771 882 845 quibus
900 762 1210 850 pugnent(1“obfV

284 852 442 938 [Speeium
472 860 554 924 enim¹
583 856 674 918 dandi
705 858 838 918 earmina
869 859 964 918 clamo
996 860 1027 917 et
1057 860 1207 918 intermis-
1242 870 1260 920 o

194 951 311 1007 sionem
333 949 383 1007 uel
405 947 579 1007 dilationem
602 947 742 1006 ludorum
764 965 897 1024 exposco,
920 950 950 1007 et
967 947 1122 1026 subiungit
1139 966 1207 1006 oau-

193 1056 275 1112 sem,
299 1057 352 1097 our
372 1037 505 1113 postulet
526 1036 651 1112 diludia,
674 1035 816 1112 quoniam
838 1036 960 1096 eroludo
983 1028 1050 1118 (leq
1068 1057 1103 1096 ex
1120 1028 1206 1117 ludo)

189 1128 271 1184 irum
285 1117 417 1207 (bynu)
428 1145 462 1185 ex
473 1117 579 1207 (leqex
593 1119 653 1206 ira)
663 1125 825 1184 inimicicia
835 1126 985 1185 etbellum
994 1117 1211 1207 generatur(V

592 1327 806 1339 *—

608 1497 733 1561 EPIST.
750 1500 792 1557 20

176 1649 180 1655 ·
285 1616 317 1684 1.
341 1622 406 1683 Heo
424 1624 551 1699 epistole
570 1624 736 1699 alloquitur
754 1622 865 1681 librum
884 1641 970 1682 suum
989 1622 1204 1697 metaphoricos
1225 1633 1258 1682 10

190 1714 280 1788 quasi
307 1731 380 1771 rem·
392 1713 569 1785 animatam,
596 1711 766 1790 significans
788 1712 875 1770 illum
897 1712 930 1769 in
951 1710 1106 1787 publicum
1127 1711 1204 1770 uelle

188 1801 363 1878 prooedere,
395 1819 425 1860 se
456 1819 527 1860 uero
559 1800 723 1876 prohibere.
775 1798 833 1858 Sed
865 1800 954 1859 multi
984 1799 1205 1875 reprehendunt

189 1891 287 1965 illum,
312 1908 403 1965 quere
426 1889 458 1947 in
481 1889 583 1948 ordine
607 1890 735 1948 aliarum
757 1889 951 1964 epistolarum
972 1889 1049 1948 hano
1071 1890 1214 1963 posuerit

190 1981 222 2037 et
254 1997 314 2036 non
344 1977 376 2036 in
402 1977 459 2037 fine
487 1979 542 2037 eut
567 1979 600 2036 in
627 1980 737 2053 eapite,
770 1996 836 2036 oum
862 1996 958 2052 neque
987 1978 1024 2036 ed
1052 1977 1204 2036 absentem

189 2086 288 2143 neque
315 2066 354 2125 ed
380 2067 529 2127 bominem
557 2066 669 2143 scripta
696 2066 744 2127 sit.
790 2065 923 2135 Quorum
947 2067 1135 2143 reprehensio
1158 2085 1202 2125 re·
1223 2075 1256 2125 15

188 2158 317 2232 tutatur,
340 2158 410 2232 quie
432 2158 464 2214 in
487 2156 545 2215 fine
568 2156 638 2215 libri
660 2157 762 2231 posuit
783 2156 877 2214 illam.
918 2156 1102 2230 Principium
1124 2156 1203 2213 enim

190 2248 223 2304 et
245 2244 312 2304 finis
335 2246 421 2304 nulla
443 2245 474 2303 in
498 2244 633 2304 omnibus
655 2245 741 2304 libris
763 2245 867 2322 regula
890 2246 1060 2304 continetur
1082 2237 1207 2325 (sfsV

187 2336 254 2393 sim.
274 2334 379 2407 Porpb.
1241 2399 1243 2404 Ι

280 2421 350 2481 *Ad
386 2422 496 2481 librum
532 2441 620 2481 suum
656 2422 791 2497 loquitur
821 2423 976 2497 tamquam
1007 2422 1046 2480 ed
1077 2441 1203 2497 puerum
1237 2424 1241 2431 “

186 2512 395 2589 prostaturum
418 2503 567 2593 (Hyele)
1220 2521 1256 2570 20

279 2600 461 2659 Vertumnus
489 2602 520 2659 et
541 2600 631 2659 Ianus
655 2600 698 2658 dii
721 2603 804 2674 sunt,
836 2598 888 2675 qui
909 2601 1053 2675 praeeunt
1074 2600 1202 2676 negotiis

186 2691 352 2750 ementium
376 2691 406 2748 et
427 2688 628 2763 uendentium,
652 2690 722 2747 ante
746 2707 871 2764 quorum
893 2689 1007 2763 templa
1025 2688 1111 2747 eraut
1128 2688 1203 2763 loos,

185 2782 220 2838 in
253 2778 362 2855 quibus
393 2796 460 2837 eum
492 2778 596 2837 eeteris
629 2777 716 2837 rebus
747 2779 838 2836 etiam
865 2776 935 2835 libri
961 2776 1081 2835 uenales
1109 2779 1202 2835 erant.

186 2869 246 2927 Per
269 2867 339 2927 deos
363 2869 463 2926 eutem
485 2867 552 2926 loca
574 2865 723 2944 signifieat
746 2858 870 2946 (FefE
877 2866 906 2925 V
919 2866 983 2925 stru.
1002 2865 1107 2939 Porpb.

278 2955 359 3015 Loca
381 2957 506 3015 suntin
528 2956 653 3030 Rostris,
674 2954 728 3013 ubi
750 2954 829 3014 Sosii
851 2955 959 3013 fratres
981 2953 1073 3013 libros
1094 2954 1201 3012 uende-
1220 2964 1255 3013 25

186 3047 272 3122 bunt,
296 3047 330 3104 ut
353 3044 426 3103 alibi
449 3037 542 3127 (epist.
561 3044 576 3101 I
597 3047 624 3119 1,
645 3045 695 3103 54.
715 3035 785 3124 55):

291 3222 293 3227 ,
615 3150 698 3210 Haeo
720 3151 812 3210 Ianus
835 3167 966 3208 summus
989 3148 1026 3209 ab
1049 3149 1110 3209 imo

349 3239 495 3299 Prodooet
518 3231 641 3321 (P'obf
647 3240 674 3298 V

278 3426 363 3551 211οῶ
379 3428 412 3480 ut
432 3428 459 3480 V
544 3432 560 3479 4
578 3426 652 3480 inter
670 3425 772 3496 Paos]
791 3425 822 3478 in
840 3426 891 3487 νγ
963 3442 990 3479 u.
1006 3424 1150 3490 49-112,
1166 3428 1200 3477 65

185 3496 340 3553 DEFIOI
370 3498 526 3552 ood.Hor.v
600 3496 1041 3567 12seuerorsssedseyV,eu.e
1114 3494 1204 3562 1ein1

186 3569 210 3621 b
229 3570 261 3621 in
278 3569 329 3637 yV
405 3572 438 3621 19
458 3568 539 3636 quasi
558 3568 574 3623 b
654 3572 687 3622 21
708 3568 788 3641 sunt]
803 3566 924 3624 luerunt
941 3588 962 3623 α
1036 3570 1079 3617 ‘aa
1094 3566 1168 3615 aute
1181 3590 1217 3597 —

175 3638 445 3773 ἔξῇΰὲἕηῆἕῖἷῶ
467 3645 533 3767 V23
552 3640 642 3710 etiam
656 3659 672 3699 r
677 3641 695 3712 f
697 3642 728 3699 E
742 3642 868 3717 Porpbl
879 3658 935 3699 ore.
949 3640 998 3711 nv
1072 3640 1114 3687 au
1124 3626 1239 3681 uende-

1039 3790 1102 3851 lb*
