2867 4175
261 338 327 412 312
589 338 941 403 seucurvmuon.

351 511 500 575 *‘Arcus’
523 515 675 591 pluuialis,
699 516 753 590 qui
774 515 910 590 pluuium
932 515 1065 573 concitat
1087 506 1192 596 (I'aO

355 597 411 665 19.
453 603 533 664 *Sed
559 622 638 663 nunc
664 623 725 662 non
751 606 817 662 erat
837 603 884 662 his
906 603 989 662 locus
1013 594 1072 684 (c)]
1118 602 1213 672 Quasi
1231 600 1264 662 ad

152 722 155 726 ·
263 695 393 770 aliquem
419 693 584 770 respondit:
620 711 679 752 non
706 694 771 751 erat
796 693 893 766 locus,
923 695 959 749 ut
983 691 1058 750 haee
1086 691 1262 764 describeres,

262 783 313 843 sed
337 778 478 859 qnoniam
495 782 568 841 bene
587 780 736 854 describis,
758 781 825 840 ideo
844 779 1038 839 introduxisti
1053 771 1160 861 (P'ac'
1170 779 1263 850 cimai

224 886 241 934 s
350 870 420 947 §st
441 871 567 930 fortasse
591 887 761 946 cupressum
785 861 861 950 (σζ)]
902 868 1006 929 irrisio
1028 868 1155 945 pictoris
1178 873 1261 929 cuo-

260 960 343 1036 dam,
371 961 422 1035 qui
445 959 521 1017 nihil
544 957 626 1017 aliud
649 977 740 1034 quam
763 975 933 1034 cupressum
955 960 1083 1017 uouerat
1106 958 1260 1036 depingere.

259 1048 454 1108 Prouerbium
483 1051 529 1106 est
554 1050 587 1106 in
613 1048 727 1106 malum
748 1048 906 1123 pictorem,
939 1047 992 1121 qui
1014 1046 1171 1106 nesciebat
1192 1044 1261 1106 aliud

259 1137 382 1214 pingere
418 1155 510 1211 quam
545 1154 723 1212 cupressum.
782 1134 829 1193 Ab
865 1136 922 1194 hoc
951 1135 1120 1212 naufragus
1152 1135 1261 1212 quidun

259 1225 370 1301 petiuit
398 1225 516 1283 uultum
543 1243 629 1284 suum
656 1225 828 1300 exprimere.
872 1223 929 1282 lile
955 1224 1173 1302 interrogauit,
1200 1241 1262 1282 num

207 1325 242 1375 10
260 1333 295 1372 ex
314 1332 455 1390 cupressu
471 1314 565 1373 uellet
582 1313 660 1373 adici
675 1310 809 1388 aliquid?
846 1310 931 1380 Quod
943 1312 1140 1389 prouerbium
1155 1312 1260 1372 Graecis

259 1402 291 1461 in
318 1421 373 1462 usu
401 1404 447 1462 est
474 1394 523 1484 (ec
543 1395 676 1481 Papi),
708 1420 779 1460 uam
805 1400 945 1478 naufragi
972 1401 1011 1459 ad
1036 1401 1262 1462 misericordiam

259 1491 501 1660 commouepdam
520 1508 604 1550 casus
624 1507 691 1549 suos
709 1491 742 1548 in
759 1490 864 1549 tabula
877 1488 1051 1566 depingrmt,
1071 1493 1110 1549 ut
1122 1488 1261 1550 quenalis

259 1573 332 1662 (14,
352 1582 443 1640 302:

391 1703 432 1762 Et
453 1705 535 1780 picta
557 1721 588 1761 se
610 1704 787 1778 tempestate
809 1705 910 1761 tuetm

204 1859 238 1908 15
259 1838 316 1927 (1⁷¹
324 1848 344 1918 f
354 1846 425 1916 Vct
439 1846 503 1904 sim.
522 1867 550 1919 c,
572 1846 648 1904 absc.
667 1844 683 1901 b

347 1927 404 1994 20.
446 1933 546 2002 *Quid
576 1934 632 1992 hoc
664 1923 746 2014 (σζ)]
792 1931 851 2001 Qui
882 1934 997 2008 scribit,
1029 1935 1091 1993 nisi
1123 1935 1259 2010 oportune

256 2022 376 2097 scribat,
398 2041 457 2080 non
480 2021 537 2081 sibi
560 2024 702 2097 conparat
725 2023 860 2100 gloriam,
882 2025 961 2082 sicut
982 2022 1034 2080 ille
1057 2023 1139 2082 male
1164 2022 1259 2100 pingit

257 2112 309 2187 qui
332 2130 503 2187 cupressum
524 2112 623 2189 pingit
646 2104 812 2192 (Γαὸθοζ

347 2192 405 2259 22.
441 2195 627 2278 *<(]ιιπθι]ὴθ
649 2194 751 2278 rota>]
798 2199 934 2258 Carmine
956 2199 1135 2274 procedente
1159 2191 1261 2279 (Fuci

202 2301 238 2349 20
345 2288 475 2348 *Rotam
498 2289 579 2363 dicit,
603 2306 680 2363 quae
703 2307 771 2347 cum
793 2290 939 2362 uoluitur,
963 2306 1040 2348 uasa
1062 2288 1215 2367 finguntur
1234 2287 1260 2344 et

256 2381 303 2436 est
324 2379 481 2436 translatio
505 2396 523 2435 a
546 2378 646 2455 figulis
670 2369 722 2458 (P'

334 2466 426 2525 ·*Our
448 2484 553 2525 urceus
573 2464 652 2524 exit?
676 2459 754 2546 (οζ)]
797 2464 856 2524 Gur
874 2484 941 2525 eum
959 2483 978 2522 a
995 2466 1115 2543 magnis
1133 2467 1260 2542 incipias,

254 2556 288 2613 in
310 2558 425 2614 minora
449 2553 585 2614 desistis?
609 2546 697 2635 (ch

344 2644 447 2703 *idest
470 2661 522 2701 cur
543 2644 604 2701 uile
626 2643 661 2701 fit
683 2661 756 2718 opus
779 2640 887 2701 tuum?
910 2634 1001 2724 (Γόζ

201 2745 237 2792 25
346 2725 404 2791 23.
427 2731 582 2807 *Simplex
606 2723 686 2812 (Γ’)]
726 2731 809 2790 Idest
831 2733 952 2807 coeptae
975 2732 1120 2789 materiae
1143 2733 1175 2790 et
1196 2747 1260 2789 non·

256 2820 327 2879 dum
349 2820 450 2879 finitae
474 2838 533 2880 non
557 2820 644 2879 debes
668 2821 760 2879 aliam
782 2819 941 2897 adiungere
965 2811 1110 2899 (Γαθοζ

346 2901 403 2968 24.
441 2901 499 2968 25.
536 2907 693 2984 §Quidam
727 2908 831 2966 dicunt
863 2908 944 2965 aliud
975 2910 1168 2983 praeceptum
1196 2924 1260 2978 esse,

255 2998 309 3055 alii
332 2996 436 3055 dicunt
459 2998 494 3055 de
518 2999 688 3056 oeconomia
707 2996 803 3056 adhuc
819 2996 908 3055 illum
925 2996 1009 3071 loqui
1023 2988 1260 3077 (P‘(rcv)chl,

254 3086 306 3143 sed
327 3087 360 3144 ta
382 3086 419 3157 σζ
440 3088 480 3145 cd
502 3088 606 3146 lemma
628 3086 772 3161 amphora
795 3086 874 3161 cepit
898 3077 992 3166 (cepit
1005 3078 1034 3164 ζ)
1057 3086 1179 3145 institui
1202 3080 1260 3164 (de-

201 3185 237 3234 30
256 3174 345 3233 scribi
363 3165 391 3254 ζ)
416 3167 472 3256 (=
486 3195 516 3234 o.
536 3167 642 3256 ileo.)
666 3176 844 3248 adscriptam
867 3178 908 3233 est

343 3365 359 3413 3
378 3360 585 3430 responditur]
600 3360 777 3430 responderit
790 3377 804 3415 c
821 3360 972 3428 respondet
985 3366 1043 3414 cett.
1117 3365 1133 3412 5
1148 3358 1261 3429 pictoris

254 3430 381 3502 P‘cfcg]
399 3431 515 3484 uictoris
533 3432 609 3485 estV
677 3438 692 3485 7
710 3430 891 3501 prouerbium
905 3462 938 3471 -
953 3431 983 3484 in
1001 3447 1055 3483 usu
1073 3432 1117 3483 est
1147 3448 1182 3485 ex
1196 3431 1228 3484 P.

253 3505 298 3556 est
315 3501 448 3571 rchcg]
468 3503 511 3554 est
529 3518 642 3571 grecum
659 3502 677 3568 f
692 3518 806 3573 grecum
824 3522 840 3570 γ
929 3505 946 3554 8
964 3501 1093 3571 pingere]
1149 3518 1186 3555 ne
1203 3501 1261 3571 pin·

241 3589 314 3643 gere
335 3574 440 3646 Pcrpd.
551 3572 588 3630 ab
611 3572 668 3630 hoo
692 3573 811 3645 Porpbt
830 3573 866 3625 ob
884 3571 942 3624 boe
963 3573 1022 3639 eof
1028 3573 1086 3634 Vct
1107 3589 1192 3639 quem
1214 3590 1230 3626 r

232 3652 274 3700 10
293 3649 449 3724 cupressu]
468 3666 608 3723 cupresso
623 3650 681 3715 νοζ
700 3661 835 3718 cypresso
851 3642 957 3709 Porpb·
1022 3644 1058 3689 Ἢ
1076 3641 1267 3705 serenasset·

215 3721 321 3786 psem't
340 3728 380 3791 cc
458 3730 493 3782 28
516 3724 622 3799 illum]
640 3740 713 3781 eum
730 3722 768 3785 ct
