2867 4175
591 324 796 380 PRAEFATIO
1148 326 1201 380 vn

184 497 374 557 coaceruauit
392 496 537 573 longeque
557 494 771 569 amplissimam
787 494 914 554 confecit
927 495 1109 555 scholiorum
1127 514 1196 554 con-

183 586 301 663 geriem
335 583 400 653 Quo
414 585 528 643 factum
542 586 594 657 est,
608 587 643 642 ut
656 583 736 659 apud
750 583 829 643 hunc
842 584 1030 658 potissimum
1046 587 1198 643 auctorem

182 673 339 749 permultis
362 673 436 734 locis
459 672 700 749 explicationes
692 674 836 747 muenias,
859 691 934 748 quae
959 673 1094 748 quamuis
1117 675 1198 732 inter

182 782 212 822 se
237 764 389 840 pugnent,
416 764 517 821 tamen
540 762 634 821 altera
656 762 782 820 alteram
809 765 964 876 tamquam
991 762 1107 837 optima
1129 781 1196 821 oum

182 869 255 927 pace
279 853 440 926 excipiunt.

270 939 343 998 Fuit
362 937 548 998 Christianus
572 931 622 1020 (cf
642 958 665 998 c
684 938 699 996 I
725 932 1121 1020 16,13.14deAdam0)‚
1145 939 1196 998 sed

181 1027 389 1106 superstitioni
404 1028 563 1088 admodum
577 1027 711 1088 addictus
727 1019 763 1108 (s.
778 1027 794 1084 I
809 1029 838 1103 3,
853 1029 894 1088 59
910 1028 946 1085 de
961 1026 1045 1088 nodis
1059 1030 1197 1105 magicis,

181 1136 202 1176 s.
221 1117 252 1175 Π
278 1118 307 1192 8,
328 1119 391 1176 309
416 1118 451 1176 de
470 1108 676 1196 βιοθανάτοις)
698 1118 728 1175 et
747 1116 823 1175 uixit
840 1119 909 1192 post
926 1117 1074 1175 Isidorum
1094 1108 1197 1197 (quem

184 1224 204 1264 a.
222 1205 271 1264 lII
296 1208 348 1280 39,
368 1208 387 1263 4
411 1205 528 1280 laudat,
550 1205 576 1264 is
600 1207 700 1264 autem
723 1205 800 1264 uixit
823 1224 849 1264 a.
870 1197 1060 1282 cao—636)
1080 1208 1197 1281 etpost

184 1313 229 1354 cos
264 1295 317 1370 qui
344 1297 528 1354 recensiones
555 1288 594 1352 A'
621 1297 651 1353 et
678 1292 697 1369 ἓ
729 1295 926 1353 confecerunt.
977 1292 1196 1353 Grammaticae

184 1382 306 1443 latinae
335 1383 591 1443 studiosissimus*
614 1383 692 1441 idem
716 1382 826 1442 Graece
849 1383 960 1458 optime
984 1382 1108 1456 sciebat,
1134 1383 1195 1459 ple-

183 1471 260 1531 beios
294 1472 528 1548 despiciebat**;
559 1492 630 1530 num
662 1471 774 1531 Romae
805 1473 927 1547 uixerit,
960 1473 1109 1530 incertum
1142 1474 1195 1545 est,

185 1559 336 1628 Samnium
359 1581 419 1620 non
442 1563 569 1619 nouerat
587 1553 636 1642 (cf.
657 1580 677 1619 s.
697 1561 713 1618 I
733 1562 761 1634 5,
781 1553 852 1641 51);
875 1563 1085 1620 commemorat
1104 1562 1195 1619 etiam

185 1644 348 1709 ‘cicutatem
371 1649 538 1727 Augustam
560 1648 747 1708 Vindelicum
775 1649 853 1724 apud
875 1644 996 1710 Raetos'
1022 1641 1197 1730 (Augsburg

186 1756 209 1795 c.
223 1737 282 1796 1111
301 1730 413 1818 4,17),
431 1738 508 1797 unde
526 1739 606 1796 haud
624 1740 684 1797 scio
704 1756 742 1795 an
761 1739 827 1813 quis
844 1737 1003 1796 concludat
1016 1738 1195 1797 scholiorum

184 1828 214 1883 Γ
232 1829 380 1887 auctorem
402 1827 483 1887 haud
504 1827 607 1903 procul
628 1827 664 1885 ab
683 1825 810 1903 Alpibus
827 1829 860 1884 in
878 1828 1104 1902 septentrionali
1123 1846 1194 1902 qua-

184 1915 253 1973 dam
279 1918 401 1993 regione
434 1934 507 1992 opus
540 1936 626 1976 suum
656 1916 881 1975 consarcinasse.
933 1913 1008 1974 Cum
1034 1915 1193 1992 Fulgentio

184 2003 258 2062 Afro
277 1997 319 2086 (a.
339 1997 529 2086 loa—523)
552 2037 596 2046 —
620 2024 707 2079 quem
730 2023 784 2082 ego
807 2004 964 2080 paululum
985 2005 1105 2080 quidem
1124 2008 1193 2064 ante

184 2094 237 2152 hos
258 2095 452 2173 quadraginta
470 2113 563 2154 annos
582 2085 697 2175 (philol.
717 2094 811 2153 Bonn.
831 2094 955 2169 symbol.
973 2114 1002 2169 p.
1023 2095 1096 2152 501.
1114 2086 1192 2174 502)

185 2182 359 2242 scholiorum
377 2186 407 2241 Γ
421 2186 571 2242 auctorem
589 2184 680 2242 fuisse
699 2202 735 2242 ea
753 2183 789 2241 de
808 2200 897 2241 causa
915 2182 1095 2258 suspicabar,
1115 2183 1194 2257 quod

184 2270 216 2329 in
240 2272 433 2348 conpluribus
457 2272 606 2331 codicibus
630 2265 662 2351 (γ
684 2265 778 2353 Flor.)
802 2271 914 2330 scholia
932 2270 1101 2330 Horatiana
1123 2272 1193 2329 Ful-

184 2359 280 2437 gentii
305 2362 528 2438 mitologiarum
560 2360 636 2420 libro
667 2362 764 2437 primo
798 2361 985 2435 excipiuntur
1020 2379 1057 2418 ne
1090 2359 1193 2418 addito

185 2447 307 2524 quidem
326 2452 419 2526 ipsius
446 2450 598 2527 Fulgentii
625 2450 744 2508 nomine
771 2480 813 2489 —
841 2468 961 2524 prorsus
993 2448 1069 2507 nihil
1096 2449 1192 2507 facere

185 2540 282 2613 primo
315 2538 415 2597 ctum
447 2540 584 2614 apparet,
616 2539 642 2597 si
672 2557 783 2598 nouam
814 2537 974 2596 editionem
1002 2536 1193 2596 Helmianam

185 2617 224 2706 (a.
248 2625 343 2704 1898}
367 2646 434 2685 cum
456 2627 636 2687 scholiorum
658 2628 688 2683 Γ
705 2626 823 2685 dicendi
845 2644 951 2703 genere
974 2643 1191 2700 comparamus:

184 2716 209 2774 is
233 2715 314 2771 enim
336 2716 423 2775 uulto
448 2716 592 2774 deteriore
615 2716 711 2774 utitur
734 2714 871 2774 dictione.

275 2799 405 2863 Getemm
427 2806 627 2864 recensionem
645 2806 673 2861 Γ
688 2795 745 2884 (=
764 2806 794 2861 Γ
794 2795 867 2885 mg.)
891 2821 950 2862 non
968 2803 1013 2861 ita
1031 2805 1191 2861 terminare

185 2892 283 2966 potui,
311 2892 347 2947 ut
370 2912 424 2951 non
451 2895 564 2971 glossas
593 2893 737 2968 quasdam
761 2893 965 2951 interlineares
989 2891 1191 2950 admitterem:

186 3000 255 3039 nam
278 2998 316 3036 ne
339 2982 444 3041 colicas
468 2982 588 3057 quidem
610 2984 669 3057 ipsi
691 2980 747 3041 hac
766 2983 799 3039 in
817 2999 848 3038 re
867 2982 947 3039 inter
965 2998 996 3037 se
1015 2982 1191 3057 congruunt,

186 3069 236 3129 sed
262 3068 328 3126 fieri
355 3073 456 3145 po'est,
484 3073 519 3129 ut
546 3070 623 3145 quod
651 3072 683 3128 in
711 3071 728 3128 b
751 3069 799 3128 uel
821 3088 838 3126 r
860 3072 892 3128 in
914 3070 1049 3146 margine
1071 3062 1205 3146 legitur,

186 3158 264 3217 idem
286 3158 319 3215 in
342 3178 359 3234 γ
382 3161 421 3217 uel
444 3182 463 3218 a
485 3160 564 3218 inter
585 3178 688 3218 uersus
712 3160 855 3234 scriptum
878 3160 918 3217 sit
942 3161 973 3215 et
995 3158 1118 3234 similia,
1142 3157 1191 3215 uel

186 3249 219 3304 ut
245 3245 390 3323 longioris
417 3248 609 3307 adnotationis
637 3267 706 3322 pars
733 3248 828 3306 altera
850 3248 930 3305 inter
952 3264 1067 3321 uersus,
1096 3247 1191 3304 altera

187 3337 219 3393 in
238 3336 373 3411 margine
391 3333 506 3410 legatur.
543 3337 648 3412 Itaque
667 3337 786 3412 nequid,
810 3335 889 3411 quod
907 3336 1028 3394 maioris
1046 3334 1192 3393 momenti

272 3556 386 3610 cis
409 3554 681 3631 lassaigniae).
706 3565 736 3628 5,
763 3564 805 3616 14.
830 3564 875 3618 38
898 3565 929 3631 3,
952 3565 1018 3616 333
1037 3564 1104 3614 ius
1119 3562 1176 3622 33
1187 3560 1208 3607 't

186 3630 306 3692 (doum)
325 3625 357 3675 Π
371 3630 394 3689 2
415 3629 615 3704 4333331)
637 3638 663 3704 3
685 3603 750 3692 133
771 3641 838 3694 reo
857 3644 887 3709 4
907 3606 954 3693 e’s.
975 3640 1005 3707 3
1021 3639 1063 3689 ar
1082 3634 1143 3687 esc
1197 3661 1206 3670 --

245 3692 387 3743 ”Velut
399 3692 521 3759 pleleius
540 3719 644 3775 expers
665 3710 809 3769 rationis'
835 3715 893 3789 cpi.
910 3712 981 3782 Π,
997 3715 1039 3766 33
