2867 4175
594 330 799 384 PRAEFATIO
1138 331 1203 384 XIII

187 502 329 574 nummis,
357 502 428 575 quia
455 501 569 557 nummi
595 501 627 557 in
654 518 734 557 noua
762 501 864 558 fusura
891 501 997 558 iuuant
1023 494 1203 575 inopiam'

186 591 267 649 Haec
290 590 469 648 stultissima
491 590 638 647 sententia
662 607 721 646 non
745 589 857 665 legitur
879 590 911 646 in
934 589 1096 661 codicibus3
1120 588 1203 647 deest

186 682 265 738 enim
288 698 350 737 uox
373 671 539 752 ‘inopiam',
562 696 637 752 quae
661 679 687 736 si
710 676 834 751 deletur,
857 679 969 752 optime
992 678 1203 755 intellegimus,

187 768 264 844 quid.
277 767 409 825 uoluerit
432 768 548 837 auctor,
573 766 760 841 efficiturque
783 768 930 825 sententia
952 768 1121 840 uerissima,
1144 786 1204 842 qua

186 858 272 916 nouis
300 857 431 914 nummis
458 857 554 931 magis
582 873 635 913 noe
658 857 758 913 iuuari
780 855 830 913 uel
852 855 994 915 delectari
1017 855 1091 914 dicit
1114 875 1204 930 quam

186 946 329 1004 diuturno
353 962 408 1003 usu
431 943 626 1002 deterioratis.
663 943 801 1019 Inopiam
823 962 894 1002 uero
912 944 991 1003 haud
1010 945 1108 1003 minus
1127 945 1203 1003 anti·

187 1034 342 1110 quioribus
356 1034 484 1092 nummis
499 1033 594 1091 leuari
607 1052 697 1108 quam
711 1051 789 1091 noue
803 1032 877 1092 fusis
892 1035 959 1107 quis
973 1035 1018 1091 est
1032 1034 1084 1108 qui
1095 1032 1203 1109 neget?

276 1123 340 1180 Nec
366 1123 462 1180 rarius
490 1122 684 1180 inueniuntur
706 1123 731 1180 ii
752 1122 824 1193 Ioci,
851 1121 904 1179 ubi
926 1124 1048 1196 propter
1071 1122 1204 1196 aliquam

186 1212 333 1271 librorum
361 1211 560 1286 corruptelam
588 1214 642 1269 aut
668 1213 766 1269 totum
789 1210 922 1270 scholion
945 1215 998 1268 aut
1021 1210 1127 1268 scholii
1151 1210 1205 1267 ali·

190 1303 275 1360 cuius
299 1317 369 1376 pars
393 1300 512 1358 silentio
535 1299 725 1374 praeteritur.
1219 1314 1223 1319 ·

277 1389 360 1448 Haeo
381 1389 481 1446 omnia
500 1389 526 1446 11
543 1388 762 1463 perpendimus,
785 1390 921 1463 quamuis
941 1382 1101 1465 ‘integram
1120 1405 1205 1445 suam

188 1473 300 1537 fidem'.·
313 1475 462 1552 cruquius
483 1478 548 1551 ipse
574 1478 668 1536 iactat
696 1469 744 1557 (ut
771 1497 800 1552 p.
825 1470 917 1558 639),
945 1480 1046 1535 tamen
1072 1476 1144 1535 adeo
1172 1478 1205 1535 in

189 1567 259 1626 eius*
279 1565 373 1625 uerba
399 1567 513 1639 iurare,
544 1568 579 1624 ut
606 1585 808 1641 quaecumque
835 1566 915 1641 apud
943 1567 1206 1624 commentatorem

190 1657 340 1732 leguntur,
358 1655 390 1712 in
408 1656 541 1730 antiquis
559 1654 678 1714 scholiis
693 1674 797 1713 reuera
812 1657 924 1731 scripta
937 1656 1028 1714 fuisse
1043 1655 1206 1728 credamus,

192 1744 272 1803 haud
295 1744 384 1804 facile
408 1743 589 1802 audebimus.

278 1833 322 1891 Vt
339 1852 441 1906 unum,
461 1832 540 1907 quod
559 1833 753 1907 antiquilates
767 1832 916 1891 Romanas
936 1834 1054 1906 attinet,
1074 1832 1207 1890 adferam

190 1922 371 1998 exemplum:
390 1921 529 1997 equidem
541 1923 574 1979 in
588 1922 898 1994 commentatiuncula,
916 1940 1007 1996 quam
1022 1921 1057 1979 de
1071 1922 1206 1995 sepulcro

190 2011 313 2069 Romuli
335 2012 366 2069 et
389 2010 504 2070 duobus
526 2010 660 2069 leonibus
683 2012 788 2086 scripsi
808 2000 1005 2089 (Iahreshefte
1028 2009 1078 2069 des
1103 2012 1206 2068 deterr.

192 2100 361 2177 archilolog.
384 2100 524 2159 Instituts
555 2102 637 2159 1901
663 2120 691 2175 p.
712 2092 768 2179 50)
794 2102 875 2158 uiros
898 2099 1084 2159 doctissimos
1108 2098 1206 2158 Mode-

192 2190 323 2248 stovium
347 2191 376 2247 11
397 2187 635 2247 Gammurinium
657 2190 768 2259 monui,
791 2208 827 2247 ne
851 2188 886 2247 de
910 2207 996 2248 sensu
1020 2188 1104 2247 uerbi
1127 2182 1206 2246 ‘con-

192 2273 275 2352 stat',
302 2276 382 2352 quod
408 2277 527 2353 quidem
551 2277 630 2353 apud
652 2280 915 2336 commentatorem
938 2278 1206 2352 ep0.16,13.14

191 2368 395 2442 reppererunt,
418 2367 625 2441 dIsceptarent‚
649 2368 760 2441 quippe
783 2366 864 2441 quod
885 2365 961 2424 illud
980 2366 1158 2423 uocabulum
1175 2368 1207 2423 in

194 2456 273 2513 ueris
297 2456 387 2513 schol.
407 2457 437 2513 Γ
456 2474 514 2513 1ο1
536 2456 728 2513 inueniretur.

209 2565 211 2569 ⁴
282 2543 385 2619 Aeque
413 2563 472 2602 uno
499 2543 618 2618 quidem
641 2545 775 2618 exemplo
799 2546 928 2602 monitos
951 2543 1042 2601 uelim
1066 2561 1128 2616 eos,
1157 2543 1208 2617 qui

193 2631 228 2689 de
256 2633 367 2691 litteris
390 2632 506 2690 Latinis
533 2632 673 2692 scribunt.
721 2632 798 2690 Sunt
824 2635 903 2690 enim
931 2634 985 2707 qui
1007 2631 1108 2690 dicant
1130 2650 1209 2689 1111·

194 2722 356 2779 1111111111
388 2720 558 2795 Oruquiano
595 2721 759 2797 pleniorem
792 2716 960 2779 ‘Aaronem'
999 2739 1090 2795 quam
1124 2719 1208 2778 nobis

195 2812 264 2867 ante
288 2810 387 2867 oculos
410 2810 511 2883 fuisse,
533 2810 655 2885 eiusque
678 2812 723 2869 rei
745 2810 948 2869 testimonium
971 2809 1109 2868 adferant
1131 2827 1208 2866 oom-

195 2901 283 2956 ment.
304 2898 342 2955 ad
360 2916 444 2956 serm.
459 2898 518 2971 18,
534 2900 588 2957 25:
609 2893 703 2958 ‘Haec
721 2899 840 2977 Sagana
863 2900 971 2957 liberta
989 2899 1080 2957 fuisse
1100 2896 1210 2956 dIcitur

196 2985 354 3062 Pomponii
376 2988 529 3060 senatoris,
553 2989 605 3062 qui
628 3007 645 3046 a
666 2990 833 3046 triumuiris
852 2990 897 3047 est
914 2981 1117 3063 proscriptus’
1155 2986 1209 3043 At-

197 3075 246 3149 qui
274 3073 441 3151 Porphyrio
469 3075 508 3133 ad
534 3076 562 3134 h.
586 3079 606 3134 l.
630 3078 746 3137 scribit:
775 3072 909 3135 ‘Memini
932 3092 983 3134 'me
1010 3076 1107 3153 legere
1131 3073 1210 3149 apud

197 3162 355 3222 Helenium
373 3163 520 3223 Acronum
542 3164 691 3243 Saganam
713 3168 833 3225 nomine-
856 3166 947 3223 fuisse
966 3164 1074 3223 Horati
1097 3166 1210 3238 tempo·

197 3253 277 3312 ribus
304 3252 429 3328 Pompei
461 3254 594 3331 saganal‘
627 3258 785 3329 senatoris,
818 3256 870 3329 qui
902 3273 920 3312 a
951 3255 1117 3311 triumuiris
1143 3271 1211 3327 pro·

285 3494 298 3522 *
317 3509 426 3561 sagana
450 3496 516 3550 ΠΜ
519 3499 545 3551 Ρ
562 3512 630 3565 saga
651 3497 689 3549 W
703 3511 800 3568 sagam
819 3496 923 3551 Holder
941 3512 1003 3549 1111
1020 3495 1220 3561 Petscheuiq'so,

199 3565 249 3617 ulii
265 3564 409 3630 libertam,¹
429 3584 539 3621 uxorem
559 3569 607 3623 uel
623 3570 777 3643 coniugem
796 3572 862 3640 fort.
885 3571 984 3627 Aaron
1000 3570 1074 3638 lpse,
1090 3567 1129 3630 11.
1144 3566 1236 3617 Pacl-

176 3634 258 3747 ἐπ”·
286 3639 513 3720 delmestac,
540 3646 589 3696 25.-
619 3642 756 3723 Sagana]
782 3646 907 3704 Nomen
931 3643 1089 3701 causticae
1120 3630 1259 3689 exuemus.

201 3715 252 3751 aec
269 3706 409 3758 senatoris
429 3712 584 3769 cuiusdam
605 3736 696 3777 uxor
716 3722 779 3781 fuit
