2867 4175
237 340 289 393 XII
640 337 845 391 PRAEFATIO

236 509 353 567 familia
367 509 426 581 cpi
443 509 684 566 commentatoris
701 508 746 565 sui
760 508 919 565 maximam
934 510 1050 582 partem
1063 508 1254 582 prompsisse,

238 599 379 672 quoniam
401 596 566 655 illiusmodi
588 595 658 654 libri
676 595 898 671 Porphyrionis,
921 596 974 654 hi*
996 596 1121 655 Acronis
1145 616 1252 654 nomen

237 705 308 761 prae
337 705 368 746 se
395 685 471 743 ferre
499 686 602 743 solent.
648 684 710 742 Nec
737 687 835 744 minus
863 684 985 743 deerant
1011 682 1140 760 Gruquio
1169 685 1253 743 codd.

237 774 334 853 Ανῑζε
366 793 436 833 nam
465 776 496 831 in
524 776 690 832 carminum
716 773 793 831 libro
821 776 942 848 quarto,
974 775 1090 848 epodis,
1122 777 1252 831 carmine

238 864 392 937 saeculari,
414 863 467 920 ubi
483 863 573 921 schol.
592 865 622 920 Γ
636 864 755 921 omnino
775 862 915 920 differunt
933 862 970 920 ab
989 862 1042 920 Αν
1049 864 1082 935 V,
1106 881 1252 921 commen-

237 955 318 1011 tator
347 951 470 1027 Oruquii
496 952 572 1009 nihil
600 952 682 1009 aliud
709 951 833 1026 praebet
858 953 918 1011 nisi
945 951 1033 1010 schol.
1057 954 1090 1009 Γ.
1140 952 1251 1026 Appel-

238 1042 381 1100 lationem
409 1036 672 1100 ‘commentatoris’
697 1059 732 1097 ex
760 1040 849 1098 schol.
868 1037 887 1115 ξ
907 1059 933 1098 a.
952 1061 981 1116 p.
1003 1042 1065 1099 120
1093 1043 1253 1115 sumpsisse

238 1131 312 1187 mihi
334 1129 466 1201 uidetur3
490 1129 640 1188 codicibus
663 1147 733 1188 usus
752 1132 797 1188 est
815 1129 994 1188 scholiorum
1012 1131 1042 1186 Γ
1058 1128 1252 1188 adauctorum

238 1220 358 1278 scholiis
381 1218 470 1294 λφ**,
493 1218 595 1294 qualia
617 1218 760 1276 habemus
782 1219 813 1275 in
838 1217 988 1276 codicibus
1010 1220 1104 1293 ipsius
1128 1217 1254 1292 Gruquii

238 1310 354 1383 patriae
377 1309 506 1383 propriis
528 1306 619 1379 fati*
643 1309 673 1364 et
696 1308 885 1381 aliquatenus
907 1309 940 1365 in
963 1308 1001 1365 D.
1044 1305 1155 1375 Quodsi
1179 1327 1253 1365 non-

238 1397 322 1456 nulla
340 1395 595 1473 deprehendimus,
614 1414 689 1471 quae
709 1395 944 1471 Porphyrionem
962 1397 1091 1471 sapiunt,
1109 1397 1165 1454 hoc
1184 1396 1253 1453 iude

239 1487 381 1560 explicari
407 1485 491 1558 licet,
517 1484 597 1559 quod
623 1485 713 1543 schol.
738 1488 782 1559 λῳ
807 1486 945 1560 inprimis
969 1484 1006 1543 ad
1028 1484 1255 1560 Porphyriouea

239 1575 353 1633 scholia
374 1573 528 1632 referenda
550 1576 627 1632 sunt.
668 1573 793 1632 Accedit
814 1573 894 1649 quod
918 1572 1080 1648 Oruquium
1103 1575 1194 1631 etiam
1218 1593 1253 1631 ex

240 1663 319 1722 edito
337 1663 541 1737 Porphyrione
564 1661 771 1721 adnotationes
794 1663 911 1736 aliquot
929 1664 1087 1737 sumpsisse
1105 1662 1253 1720 uideatur.

240 1751 318 1820 Quin
346 1753 437 1810 etiam
465 1770 499 1809 cx
526 1752 723 1810 recentiorum
751 1750 899 1809 editorum
926 1753 1145 1810 commentariis
1172 1751 1253 1809 haud

239 1859 335 1916 pauca
356 1843 389 1898 iu
413 1835 697 1898 ‘commentatorem’
718 1858 804 1898 suum
822 1840 978 1898 inserebat.
1016 1840 1253 1899 Adnotationum

240 1932 318 1987 enim
350 1930 544 2006 farraginem,
577 1947 666 2003 quam
698 1947 733 1987 ex
765 1928 913 1987 codicibus
943 1931 1152 2004 manuscriptis
1185 1947 1252 1986 con-

240 2020 379 2096 gesserat,
401 2017 445 2076 ita
468 2018 620 2092 tractauit,
643 2020 679 2074 ut
699 2037 759 2076 non
778 2017 874 2076 solum
894 2017 1052 2076 uerborum
1071 2018 1204 2075 ordinem
1223 2022 1256 2075 et

240 2109 503 2181 constructionem,
535 2107 586 2166 scd
618 2109 709 2166 etiam
741 2106 832 2165 uerba
863 2109 930 2182 ipsa
959 2112 989 2166 et
1016 2107 1133 2166 dicendi
1161 2126 1252 2185 genus

240 2198 411 2272 saepissime
438 2199 569 2255 mutaret
594 2198 823 2270 innumerasque
846 2196 1065 2254 emendationes
1088 2215 1142 2271 per
1165 2198 1254 2254 silen-

239 2287 316 2343 tium
337 2286 491 2360 reciperet,
513 2284 690 2360 ubicumque
713 2284 745 2342 id
768 2289 821 2342 aut
843 2303 944 2344 sensus
967 2287 1020 2342 aut
1037 2303 1133 2343 sermo
1152 2290 1255 2361 postu-

240 2375 302 2433 lare
329 2373 488 2432 uideretur.
534 2373 600 2432 Etsi
627 2392 686 2431 non
710 2391 824 2448 omnes,
851 2376 951 2432 tamen
974 2373 1121 2450 plurimas¹
1142 2376 1253 2432 formas

241 2465 270 2521 et
293 2464 526 2522 constructiones
549 2463 648 2535 eiecit,
672 2481 748 2537 quae
771 2480 789 2519 a
812 2466 946 2520 ueterum
969 2481 1024 2521 usu
1046 2462 1256 2537 abhorrebant,

241 2570 400 2626 earumque
423 2552 488 2609 loco
512 2551 587 2609 alias
609 2552 814 2626 interpolauit,
837 2570 912 2626 quac
935 2570 1002 2609 cum
1026 2551 1175 2610 Ciceronis
1194 2570 1253 2609 ser-

240 2660 326 2698 mone
358 2659 417 2698 non
451 2642 599 2717 pugnant3
636 2642 787 2698 sexcentas
819 2640 1011 2713 elocutiones,
1048 2659 1123 2714 quae
1154 2642 1255 2698 minus

241 2730 390 2807 elegantes
408 2728 594 2801 uidebantur,
613 2728 843 2805 elegantioribus
862 2727 963 2787 cedere
979 2731 1084 2806 coegit.
1112 2728 1254 2787 Vbicum-

242 2837 298 2892 que
334 2817 605 2891 manuscriptorum
642 2817 820 2875 scholiorum
855 2819 970 2875 textum
1002 2822 1172 2893 corruptum
1205 2819 1254 2875 uel

240 2907 380 2964 mutilum
400 2925 461 2966 esse
480 2905 616 2980 putabat,
634 2924 730 2964 meras
749 2906 933 2964 coniecturas
952 2908 1015 2963 sine
1034 2906 1095 2963 ullo
1115 2908 1254 2980 scrupulo

240 2996 272 3053 in
295 2996 411 3053 textum
433 2994 597 3053 inculcauit
619 3013 672 3052 nec
695 3014 837 3069 umquam
860 3013 895 3052 ca
918 2994 1009 3052 uerba
1027 2997 1058 3052 in
1076 2997 1150 3069 ipsis
1169 2996 1258 3053 libris

241 3101 299 3141 non
323 3083 384 3160 legi
406 3084 522 3141 monuit
544 3084 691 3141 lectorem.

331 3170 460 3230 Subinde
479 3192 539 3231 non
557 3172 652 3231 solum
670 3190 881 3246 superuacuae,
899 3172 951 3231 sed
969 3174 1060 3230 etiam
1075 3172 1257 3231 falsissimae

241 3263 399 3319 occurrunt
431 3260 664 3334 emendationes,
696 3264 731 3318 ut
763 3278 788 3318 a.
817 3281 845 3335 p.
882 3263 936 3318 59:
966 3255 1135 3320 ‘Praesente
1167 3255 1255 3338 nota}

240 3347 409 3408 Praesentis
437 3351 579 3424 temporis
608 3350 786 3408 charactere.
832 3350 941 3407 Tracta
968 3350 1142 3425 metaphora
1169 3355 1214 3408 cst
1237 3369 1256 3407 a

330 3501 343 3528 *
361 3500 400 3552 Vt
410 3504 457 3569 pt
475 3502 552 3554 Ferr.
572 3502 651 3554 Flor.

304 3568 334 3596 '⁴'
346 3570 429 3624 Haec
451 3572 564 3626 scholia
588 3570 758 3643 propediem
781 3572 864 3628 edere
887 3571 944 3625 sibi
959 3574 1106 3641 proposuit
1126 3572 1255 3626 sifredus

199 3625 321 3685 Holder
337 3640 540 3698 amicissimus

185 3720 188 3725 ’
256 3698 303 3728 m
321 3705 392 3764 COd·
411 3712 438 3777 f
450 3731 535 3771 nunc
557 3718 813 3775 Leeuwardeusis
835 3722 890 3786 cst,
910 3712 1097 3772 zheidcnsis
