2867 4175
364 1195 366 1199 ’
419 1183 827 1268 EPISTVLARVM
850 1184 1022 1267 LIBER
1045 1185 1101 1267 H.

677 1382 800 1442 EPIST.
820 1388 836 1442 1

345 1515 378 1585 1.
403 1524 541 1602 Augusto
564 1523 687 1601 petenti,
709 1529 745 1584 ut
767 1525 883 1601 aliquid
905 1525 964 1584 sibi
986 1527 1085 1601 operis
1108 1526 1264 1600 dedicaret,

253 1613 356 1672 scribit
371 1612 514 1672 Horatius
537 1613 603 1672 ideo
622 1631 653 1672 se
671 1612 729 1672 hnc
748 1631 840 1690 nsque
858 1633 919 1672 non
932 1613 1044 1689 iecisse,
1068 1634 1107 1674 ne
1120 1615 1266 1675 iacturam

218 1713 234 1762 5
252 1702 296 1760 rei
317 1701 455 1778 publicae
474 1703 593 1776 faceret,
616 1703 642 1760 si
660 1702 794 1762 uersibus
813 1703 874 1762 suis
890 1701 1045 1761 Gaesarem
1065 1703 1266 1780 erepublica

253 1793 414 1850 seuocaret.
459 1790 573 1850 Deinde
599 1791 748 1866 paulatim
770 1791 886 1851 adhoc
908 1791 1074 1866 descendit,
1105 1795 1143 1852 ut
1166 1793 1202 1852 de
1225 1794 1265 1851 in·

243 1878 331 1948 ‚dicio
362 1880 503 1956 temporis
533 1883 687 1956 queratur,
721 1899 779 1956 quo
807 1882 945 1957 antiquos
974 1882 1079 1956 poetas
1108 1881 1265 1941 laudamus

251 1970 358 2028 merito
382 1969 553 2043 uetustatis,
580 1987 673 2028 nouos
696 1969 925 2044 contemnimus,
951 1971 1041 2028 etiam
1064 1968 1092 2029 si
1114 1969 1265 2030 ueteribus

251 2059 368 2132 possint
390 2076 451 2117 esse
475 2058 611 2117 meliores
634 2049 743 2140 (Pobf
750 2058 776 2118 V

200 2158 233 2207 10
341 2147 414 2206 Mire
447 2141 573 2222 ‘solus’3
610 2151 734 2223 apparet
767 2149 847 2207 enim
877 2148 993 2207 deuicto
1026 2149 1088 2206 iam
1120 2148 1265 2224 Antonio,

252 2239 369 2294 mortuo
393 2234 514 2312 Lepido,
538 2237 589 2311 qui
611 2232 762 2294 triumuiri
785 2256 853 2296 cum
875 2236 1013 2315 Augusto
1036 2238 1166 2314 fuerent,
1190 2239 1265 2296 hanc

253 2323 410 2399 epistolam
433 2326 472 2383 ad
494 2323 648 2383 Gaesarem
673 2324 815 2401 scriptam
838 2318 948 2406 (Pubf
955 2327 983 2385 V

343 2406 376 2472 2.
400 2412 552 2472 *Moribus
574 2415 645 2487 suis,
669 2416 723 2472 aut
741 2434 814 2489 quos
833 2414 946 2473 ciuibus
965 2433 1020 2489 pro
1039 2414 1108 2493 lege
1126 2416 1270 2491 inposuit,

253 2500 303 2559 sed
326 2502 434 2560 melius
457 2503 518 2561 suis
542 2496 651 2583 (Putf

202 2600 236 2650 15
346 2584 378 2650 ὃ.
403 2589 526 2649 Sensus:
544 2590 624 2649 tenti
641 2590 710 2665 uim',
729 2591 806 2649 idest
825 2610 898 2667 quos
917 2590 1100 2650 consecratio
1118 2594 1269 2667 manebat,

255 2678 401 2736 inuidiam
424 2680 503 2737 inter
525 2697 594 2737 suos
616 2679 698 2755 passi
721 2683 800 2754 sunt,
824 2681 936 2756 quanto
959 2682 994 2738 tu
1016 2682 1174 2759 maiorem,
1203 2701 1270 2741 cum

254 2768 404 2841 praesenti
427 2768 483 2826 tibi
505 2768 651 2846 largimur
672 2770 798 2828 honores
821 2761 956 2849 (rabV

343 2855 481 2915 Laudato
508 2858 621 2915 uirtute
645 2855 778 2916 Caesaris
805 2857 878 2917 dicit
901 2858 930 2915 si
952 2858 1010 2917 soli
1032 2858 1208 2935 contigisse,
1236 2864 1272 2919 ut

256 2943 401 3003 inuidiam
423 2947 512 3005 uiuus
534 2948 674 3005 uinceret.
720 2946 761 3004 Et
784 2949 829 3005 est
852 2945 946 3007 ordot,
960 2946 1105 3006 Romulus
1129 2950 1160 3006 et
1183 2947 1273 3006 Liber

202 3042 238 3091 20
256 3031 359 3108 Peter,
392 3034 462 3093 dum
493 3038 589 3093 terras
619 3036 831 3110 hominumque
863 3054 955 3112 genus
984 3035 1087 3094 colunt
1114 3038 1145 3094 et
1174 3040 1273 3096 cetera

345 3278 361 3324 4
380 3274 489 3345 scribit]
509 3274 621 3343 scripsit
640 3275 667 3328 V
742 3275 818 3346 ideo]
838 3275 867 3328 id
887 3274 951 3328 ideo
970 3275 1065 3345 Pauly
1156 3282 1172 3330 6
1192 3293 1272 3331 eeuc-

256 3346 333 3398 caret
351 3363 390 3398 roc
397 3346 435 3415 V]
455 3347 598 3399 reuocaret
616 3347 677 3414 pbf
745 3346 846 3401 deinde
865 3346 958 3417 perh]
977 3346 1121 3400 Paulatim
1140 3351 1237 3402 autem
1255 3349 1270 3402 b

253 3415 397 3469 Paulatim
418 3418 445 3471 V
537 3420 553 3469 8
572 3418 775 3471 contemnimus
793 3436 809 3471 r
819 3434 863 3485 pr.
879 3418 907 3499 y]
927 3418 1153 3487 contempnimus
1172 3436 1271 3474 reon,

243 3488 313 3554 abf
318 3489 348 3543 V
415 3494 449 3544 15
470 3487 547 3545 idest
566 3498 639 3562 qnos
659 3490 712 3564 K]
730 3489 844 3559 iniquos
858 3489 885 3542 V
901 3504 936 3539 m
951 3504 1022 3553 auce
1037 3495 1096 3540 cett.
1166 3494 1200 3543 16
1214 3507 1273 3544 ma·

229 3557 325 3615 iorem
334 3562 394 3635 K]
408 3564 537 3622 maiores
552 3566 635 3624 codd.
650 3563 785 3622 Hauthot
857 3562 894 3614 it
907 3554 1250 3621 uiuus—iacinthus

220 3629 377 3709 uinceret]
396 3640 558 3699 euinceret
579 3662 591 3699 c
674 3642 707 3696 et
729 3638 776 3691 est
795 3630 886 3702 ornei
903 3642 986 3682 ‘im
