2867 4175
615 352 721 409 SERM.
731 353 744 406 1
758 360 774 408 t
1160 354 1203 420 69

280 512 338 580 53.
361 520 448 580 Musa
469 521 561 580 uelim
580 512 660 603 (vc)]
701 522 863 600 Eleganter
881 525 968 597 quasi
985 524 1116 584 fantasia
1133 543 1202 602 poe·

181 611 288 668 tarum
313 609 409 685 operis
431 610 553 684 heroici,
576 613 610 669 ut
633 601 738 690 (Very.
756 608 831 670 Aen.
849 609 909 670 VII
928 603 999 692 37):

348 733 436 793 Nunc
460 753 522 811 age,
547 735 599 809 qui
620 752 714 812 reges,
737 734 839 810 Erato,

183 824 216 882 et
242 813 333 902 (Aen.
352 821 412 881 VH
431 816 524 904 641):

348 963 476 1023 Pandite
498 982 577 1023 nuno
599 965 734 1040 Elicona,
757 965 837 1041 deae,

183 1091 215 1147 et
240 1080 332 1168 (Aea.
348 1087 407 1146 XII
426 1079 519 1170 500):

349 1211 421 1280 Quis
443 1213 519 1271 mihi
541 1232 619 1272 nuno
641 1215 688 1271 tot
711 1212 817 1272 acerba
839 1211 931 1273 deus?
955 1205 1007 1294 (Γ
1012 1214 1053 1286 tf
1059 1214 1089 1273 V

277 1345 336 1414 54.
370 1349 497 1430 §‘Osei’
527 1353 674 1431 Capuam,
706 1356 760 1414 aut
786 1355 923 1431 yronicos
951 1354 1105 1415 cuiusdam
1132 1354 1203 1416 Osci

181 1443 328 1520 ignobilis
364 1443 457 1518 filius,
493 1442 571 1503 uude
608 1443 727 1504 obsceni
762 1443 903 1522 figurate,
939 1447 974 1503 ut
1006 1435 1109 1523 (Very.
1127 1442 1201 1505 Aen.

182 1531 212 1588 V
234 1524 329 1614 285).
349 1620 453 1681 Cressa
476 1640 577 1699 genus,
600 1621 721 1697 Pholoe,
1222 1545 1256 1595 10

184 1765 217 1823 et
241 1754 331 1843 (Aa.
350 1762 425 1821 vni
446 1755 538 1844 114):

348 1886 406 1955 Qui
428 1885 540 1965 genus?
563 1887 640 1946 unde
664 1884 772 1947 domo?
796 1878 963 1967 (s‘bfVog

276 2028 422 2108 Figurate
453 2031 578 2090 locutio:
614 2029 704 2091 Messi
735 2048 828 2107 genus
856 2026 926 2089 Osci
957 2032 1027 2090 sunt
1055 2020 1166 2111 (s‘bf
1176 2031 1205 2091 V

184 2136 220 2178 cot
242 2119 348 2193 Porpt.
1222 2132 1255 2181 1⁶

277 2206 468 2284 *Campanus
491 2210 565 2282 erat,
588 2210 659 2283 quia
678 2206 843 2284 Campania
861 2206 949 2268 Oseia
972 2208 1052 2267 diota
1075 2211 1129 2283 est,
1152 2211 1203 2268 sed

184 2292 315 2356 ‘nobilis
334 2291 419 2356 Osci’
442 2298 570 2357 irridens
594 2298 649 2370 ait3
674 2300 744 2356 sunt
766 2292 888 2375 <eni>m
911 2316 961 2356 ore
984 2298 1110 2357 infames
1130 2288 1203 2376 (Pb

202 2386 270 2444 tosa
296 2385 324 2443 V

181 2405 202 2460 9
280 2466 338 2534 55.
380 2473 551 2533 *Sarmenti
579 2475 699 2533 domina
723 2465 784 2555 (ν)]
829 2474 888 2533 Hic
909 2474 1051 2533 libortum
1074 2474 1204 2534 ostendit

186 2564 280 2624 fuisse
305 2554 355 2642 (cf.
369 2556 499 2645 Papi),
522 2563 593 2622 licet
615 2566 720 2639 postea
743 2564 893 2623 decuriam
916 2564 1063 2640 acceperit
1085 2555 1158 2643 (Pb
1221 2575 1255 2624 20

280 2644 338 2712 58.
363 2650 460 2728 Caput
482 2654 513 2711 et
530 2672 568 2711 m.
589 2643 650 2734 (v)]
691 2651 816 2711 Deridet
832 2653 928 2727 illum,
953 2654 1023 2727 quia
1041 2653 1203 2711 commouit

185 2743 292 2817 eaput,
321 2743 351 2799 et
379 2742 434 2798 ait:
466 2760 483 2800 o
511 2743 538 2800 si
564 2760 624 2800 non
652 2760 729 2800 esses
756 2742 912 2800 mutilatus
935 2742 1088 2817 praesecto
1111 2758 1203 2799 cornu

184 2829 222 2889 de
241 2831 365 2889 sinistra
382 2831 468 2906 parte
486 2831 604 2905 frontis,
623 2830 696 2905 quid
713 2828 846 2889 faceres?
882 2828 1034 2898 Quomodo
1053 2830 1202 2889 minitaris

184 2921 221 2978 ut
242 2916 368 2978 taurus?
392 2910 489 2998 (be
497 2919 524 2977 V

277 2999 337 3067 62.
373 3005 558 3083 Campanum
580 3009 613 3065 in
635 3007 771 3066 morbum
795 2999 901 3088 (va)]
943 3005 1006 3064 Aut
1028 3008 1088 3065 oris
1111 3005 1202 3064 foedi·
1221 3016 1255 3065 26

185 3099 284 3156 tatem
309 3098 363 3155 aut
386 3097 597 3172 arrogantiam.
639 3095 788 3154 Dicuntur
810 3096 889 3153 em'm
908 3093 1054 3170 Campani
1076 3096 1107 3153 ot
1124 3094 1204 3152 foedi

187 3204 250 3246 esse
285 3186 316 3243 et
347 3188 529 3261 arrogantes.
581 3182 613 3241 Si
645 3184 738 3258 foedi,
770 3184 931 3259 accipimus
962 3180 1035 3242 κατὰ
1067 3180 1098 3241 τὸ
1131 3179 1202 3241 αὐτό

185 3266 321 3356 (rosv

274 3519 290 3569 8
311 3513 444 3585 capuani]
471 3512 603 3581 campani
622 3512 689 3580 quia
708 3511 785 3567 oscia
802 3510 907 3583 (hostia
921 3513 946 3584 §t
963 3509 1117 3582 campania
1132 3510 1216 3563 uicta

184 3588 228 3641 est
245 3589 282 3649 cl
344 3584 475 3651 yronicos
490 3585 537 3638 ln'e
553 3600 624 3641 omo.
646 3585 739 3657 codd„
756 3587 817 3644 aiei
836 3588 912 3661 quod
927 3585 1119 3643 harmonicas
1131 3598 1160 3647 a,
1174 3581 1238 3639 iai,

173 3656 275 3705 heum
343 3659 379 3704 16
395 3654 448 3707 sed
460 3685 497 3695 -
510 3655 650 3733 infames]
670 3677 757 3721 orac
852 3668 888 3720 ii
911 3662 997 3720 enim
1018 3674 1071 3713 oro
1092 3654 1154 3726 KQ
1165 3660 1254 3703 mm

160 3719 237 3769 codd
254 3735 348 3771 mores
362 3721 500 3780 Bautbal
515 3743 568 3786 ore
583 3731 694 3808 Porple.
782 3744 822 3796 25
841 3738 872 3796 f:
896 3734 1032 3803 ticitbf
