2867 4175
618 336 778 391 sunnia
817 359 818 364 ¹
1160 337 1204 402 95

279 501 556 581 §Nomentanoque
573 524 602 563 n.
618 495 677 585 (e)]
704 505 921 579 Nomentanus
945 507 1045 564 autem
1062 504 1205 584 prodigus

191 593 248 651 fnit
282 596 313 652 et
345 595 446 653 omnia
477 594 556 654 bona
588 594 770 669 comederat3
802 597 833 653 et
864 594 1017 673 eleganter
1047 595 1093 654 his
1125 594 1206 672 apud

190 682 342 757 Esquilias
374 684 407 741 in
437 682 565 759 publicis
596 683 720 742 ustrinis
752 686 976 742 monumentum
1004 683 1096 743 fuisse
1123 684 1206 758 dicit,

190 772 261 845 quia
283 772 437 846 priuatum
459 771 568 830 habere
589 771 689 831 losum
711 789 771 830 non
793 774 962 848 potuerant,
986 771 1121 832 omnibus
1145 773 1205 833 suis

189 860 356 934 absumptis
379 851 546 941 (bech
561 861 597 933 ef.
615 861 723 934 Porpb.
1240 875 1257 924 ὁ

280 941 338 1008 12.
375 948 459 1006 Mille
486 948 552 1024 pei.
577 940 639 1029 (ν)]
680 948 751 1009 Ideo
782 949 886 1025 cippus
914 952 978 1008 erat
1005 951 1135 1025 positus,
1167 969 1205 1009 ne

187 1037 311 1096 heredes
333 1038 428 1112 ipsius
451 1039 580 1114 regionis
602 1037 747 1097 haberent
768 1040 949 1113 potestatem
971 1040 1049 1097 auiti
1071 1039 1134 1098 siue
1153 1058 1206 1116 pa·

188 1128 267 1185 terni
290 1119 303 1206 l
306 1121 343 1183 Γ
349 1126 391 1198 bf
397 1126 426 1185 V

278 1213 426 1290 §Titulus
437 1219 507 1289 ,erat
519 1217 690 1291 inscriptus,
704 1217 770 1294 agri
782 1215 904 1274 modum
918 1236 953 1275 ex
967 1218 1093 1292 utroque
1107 1218 1205 1293 spatio

188 1303 349 1382 designans
372 1295 425 1384 (Γ
429 1305 449 1376 f
455 1304 494 1364 Vc
499 1305 516 1375 ζ
1225 1317 1258 1366 10

262 1385 337 1454 13.
353 1391 513 1468 §Heredes
523 1387 598 1472 [·m·]
608 1411 645 1452 ne
655 1411 677 1452 s.
688 1385 747 1474 (1)]
770 1394 878 1454 Nescio
893 1394 946 1470 qui
960 1392 1085 1452 donauit
1098 1413 1205 1472 agrum

187 1501 276 1541 suum
303 1483 414 1557 populo
443 1483 481 1540 ad
509 1481 664 1567 sepulchra
692 1484 723 1542 et
745 1484 847 1559 posuit
868 1481 954 1555 fines,
985 1485 1020 1540 ut
1042 1481 1151 1542 babeat
1173 1485 1206 1542 in

187 1569 351 1630 latitudine
388 1571 470 1631 mille
505 1570 607 1646 pedes,
643 1571 676 1629 in
712 1571 899 1648 longitudine
931 1573 1086 1630 trecentos.
1140 1567 1206 1630 Hoc

187 1663 292 1718 tamen
319 1660 403 1734 feeit,
432 1680 469 1719 ne
495 1659 617 1719 heredes
645 1659 708 1718 eius
731 1659 884 1736 publicum
905 1659 1081 1732 inuaderent
1102 1679 1206 1720 monu-

188 1750 325 1807 mentum
348 1741 514 1828 (F'bfVcK
1224 1761 1257 1811 lo

278 1831 398 1916 §Ne[o]
424 1838 617 1912 sequerentur
640 1829 700 1918 (ν)]
742 1836 788 1923 Ne
811 1836 934 1896 haberet
956 1837 1132 1895 facultatem
1154 1857 1204 1914 pe·

184 1926 271 1984 tendi
305 1927 436 2001 spatium
467 1925 543 1984 illud
572 1926 653 1984 mille
680 1926 791 2002 peduln
818 1928 849 1984 et
874 1928 1082 1985 trecentorum.
1128 1926 1205 1986 Item

184 2016 366 2090 inscriptum
395 2016 459 2072 erat
484 2013 651 2091 sepulchro,
679 2033 717 2072 ne
741 2014 779 2074 ad
801 2014 922 2074 heredes
944 2015 1121 2092 pertineret,
1148 2016 1205 2074 hoo

185 2106 242 2181 est,
265 2123 304 2162 ne
327 2121 451 2179 corpora
472 2106 525 2163 aut
542 2103 688 2179 reliquiae
707 2105 822 2163 alienae
840 2105 1024 2163 inferrentur
1043 2097 1094 2185 (Γ
1101 2106 1207 2177 ὺΠοζ

189 2263 192 2267 ⁸
280 2184 338 2253 14.
368 2191 484 2267 §Nune
506 2194 579 2251 lieet
595 2192 630 2251 li.
650 2184 707 2273 (o)]
749 2193 903 2268 Esquiliae
927 2194 1037 2252 dieitur
1059 2195 1150 2269 loeus,
1173 2196 1205 2253 in
1223 2204 1258 2253 20

186 2300 248 2357 quo
277 2283 367 2340 antea
395 2280 615 2356 sepeliebantur
642 2299 767 2357 corpora
795 2284 880 2340 extra
905 2285 1023 2359 portam
1047 2283 1145 2359 illam,
1173 2285 1205 2342 in

185 2388 249 2447 qua
272 2374 318 2429 est
342 2369 507 2429 Sessorium
530 2362 583 2450 (Γ
587 2372 607 2443 f
612 2370 674 2445 Veg

278 2457 480 2533 §salubribus
500 2451 561 2541 (ν)]
599 2459 633 2518 Si
655 2459 774 2519 sublata
796 2464 868 2530 sunt
890 2459 1046 2535 sepulchra
1069 2463 1100 2518 et
1117 2458 1205 2517 modo
1230 2498 1232 2501 s

185 2551 258 2606 sunt
285 2547 329 2606 ibi
355 2548 449 2624 horti,
476 2551 556 2608 reete
584 2548 660 2608 dixit
683 2548 823 2609 salubres.
869 2548 949 2608 Loea
971 2549 1051 2607 enim
1073 2547 1206 2608 salubria

186 2638 268 2711 sunt,
291 2635 454 2712 inquibus
477 2630 576 2717 [sunt]
599 2639 796 2697 amoenitates
819 2630 985 2718 (beVet
1223 2648 1258 2697 25

189 2771 191 2773 a
280 2718 338 2785 16.
379 2724 507 2800 §Albis
523 2725 638 2786 ossibus
662 2718 723 2807 (ν)]
765 2724 880 2786 Sensus
902 2726 951 2785 bie
974 2728 1032 2784 est:
1062 2725 1105 2784 ibi
1127 2744 1205 2783 nuno

187 2816 355 2873 amoenitas
386 2814 587 2873 aedificiorum
615 2814 737 2892 grandis
765 2818 822 2891 est,
854 2814 909 2873 ubi
935 2814 1097 2890 aliquando
1125 2813 1204 2874 albe·

186 2901 262 2961 bant
295 2920 362 2962 ossa
393 2904 581 2979 miserorum,
614 2903 692 2963 idest
722 2905 824 2964 tristes
850 2903 984 2963 homines
1012 2901 1205 2962 intuebantur

280 3075 295 3123 1
310 3071 418 3142 autem]
432 3072 576 3127 autVom.
590 3076 625 3137 οζ
695 3077 710 3125 3
726 3088 807 3141 esqu:
820 3074 865 3143 se]
879 3072 1013 3143 esquiliae
1027 3070 1205 3128 P'Veoeeab

187 3139 347 3209 exquilinas
358 3144 373 3206 ζ
414 3142 531 3196 ustrinis
542 3140 819 3214 P'bfooosPorpb]
829 3143 942 3197 astrinis
949 3141 1127 3198 Vtonstrinis
1136 3147 1171 3207 οζ

187 3218 203 3265 9
222 3212 326 3284 insum]
344 3212 465 3281 scriptus
484 3217 518 3278 σζ
589 3219 620 3267 11
641 3214 704 3297 quis
723 3219 766 3297 σζ,
786 3242 789 3246 -
824 3221 860 3296 ¹12
880 3213 1029 3284 sepulchra
1040 3231 1082 3297 ‘ru
1097 3214 1205 3280 eonaf,

185 3282 450 3425 {talitatis
463 3290 532 3424 713}
536 3287 672 3410 iiiam
689 3284 932 3425 limittit
986 3284 1205 3410 tibist

184 3427 251 3480 rent
265 3429 300 3490 οξ
316 3427 507 3497 continuantes
524 3427 573 3481 boe
591 3428 644 3481 aab.
660 3428 835 3495 antecedenti,
852 3429 916 3495 sort.
931 3434 999 3482 reete
1072 3433 1104 3482 17
1120 3426 1204 3497 illud]

187 3495 293 3561 istudc
364 3502 397 3551 18
407 3496 555 3566 sepulchro
567 3496 602 3551 Γ’
607 3498 652 3569 se]
662 3498 790 3568 sepulcro
797 3499 850 3565 Vc,
864 3500 965 3565 defiat
1039 3504 1071 3552 19
1082 3498 1204 3568 alienae]

187 3566 291 3621 exinde
309 3570 344 3632 σζ
441 3573 476 3622 20
494 3584 574 3638 esqu:
593 3569 638 3639 se]
657 3585 756 3639 aesqu:
776 3569 846 3626 P'V
861 3586 945 3638 exqu:
963 3574 979 3633 ζ
1078 3575 1112 3623 23
1131 3569 1155 3622 si
1169 3600 1204 3609 —

186 3638 264 3693 horti
283 3641 382 3703 emet
464 3639 805 3712 'sirum-foma?
908 3642 1171 3711 losuntoomoc

187 3715 221 3763 27
242 3702 390 3781 albebant]
409 3710 524 3765 alebant
541 3714 575 3776 ec
1187 3749 1189 3751 -
