2867 4175
253 337 327 402 ,266
591 337 713 398 SCHOL.
725 337 760 392 Ρ
766 336 843 393 VIN
860 337 945 393 HOR.

673 612 797 673 EPIST.
818 615 859 673 18

351 749 384 817 l.
421 756 572 832 Praecipit
598 758 629 814 in
652 756 708 816 hac
731 755 858 833 epistola
880 755 1056 832 fugiendum
1078 775 1142 817 esso
1165 757 1266 816 uitium

198 914 201 921 Ι
260 846 441 906 adulationis
460 848 524 903 ct'e
543 846 692 904 contrario
711 845 840 904 dumtiao
858 845 968 904 nimiae
986 847 1106 921 uitium,
1123 850 1160 904 ut
1178 863 1266 921 nequo

259 935 425 993 adulationi
448 934 596 993 dosemiat
619 934 685 1008 quis
708 937 754 1008 at,
783 935 810 992 si
832 933 961 993 duritiae
984 935 1052 993 uult
1073 937 1201 1010 seruire,
1226 936 1266 992 ui·

223 1024 341 1098 adeat,
365 1042 402 1081 nc
423 1023 456 1081 in
478 1022 562 1100 poiua
585 1023 696 1081 uitium
718 1022 842 1097 incidat,
864 1023 915 1082 sod
937 1025 970 1081 in
992 1026 1120 1100 utroque
1143 1023 1267 1082 modium

260 1115 392 1171 tenorem
415 1112 521 1185 seruet,
544 1111 657 1171 scilicet
679 1113 714 1169 ut
737 1111 863 1187 quisquc
886 1131 939 1171 suo
962 1113 1058 1172 amico
1082 1131 1181 1188 nequo
1202 1112 1267 1171 adu·

259 1201 338 1259 lator
370 1202 479 1259 existat
509 1219 605 1275 nequo
637 1219 705 1259 cum
737 1200 936 1260 amaritudine
968 1201 1061 1259 animi
1093 1201 1267 1277 increpando

259 1308 327 1347 cum
353 1291 487 1366 castiget.
533 1289 618 1347 Vnde
641 1288 739 1348 Lollio
767 1289 862 1348 amico
890 1308 943 1349 suo
966 1289 1054 1365 dicit,
1081 1292 1131 1365 ut,
1158 1291 1267 1366 sipro-

257 1377 379 1436 fitoatur
411 1379 522 1437 amicus
555 1396 617 1436 asse
650 1377 755 1451 alicui,
786 1377 860 1437 hacc
890 1378 949 1436 duo
981 1378 1127 1455 obsequia
1159 1381 1266 1438 timeat

205 1478 241 1527 10
261 1467 301 1524 ut
328 1467 414 1541 dicit,
443 1467 526 1542 quia,
555 1468 668 1542 quanta
691 1466 859 1525 differentia
882 1466 969 1526 debet
992 1486 1055 1527 essa
1078 1469 1160 1527 intor
1181 1487 1266 1526 marc·

258 1556 364 1615 tricem
387 1558 417 1614 ct
439 1557 607 1613 matronam
629 1554 772 1629 nobilem,
795 1558 881 1614 tanta
904 1555 991 1614 debet
1013 1575 1076 1616 esso
1099 1558 1182 1630 intcr
1201 1558 1267 1615 ami·

258 1665 326 1704 cum
349 1644 533 1722 diligendum
556 1648 586 1703 et
603 1643 728 1702 infidum
746 1662 887 1718 scurram,
909 1647 944 1703 ut
963 1646 1077 1704 amicus
1096 1645 1268 1723 simpliciter

199 1796 202 1803 ,
259 1734 404 1811 diligatur
426 1735 457 1791 ct
479 1751 580 1792 scurra
603 1733 751 1792 abiciatur
774 1725 826 1814 (Γ
831 1734 897 1806 cbf
903 1733 931 1792 V

346 1822 404 1880 Hic
427 1822 541 1880 Lollius
570 1815 689 1900 [otiam]
717 1821 757 1880 ad
783 1823 972 1881 consulatum
998 1823 1140 1898 peruenit
1166 1824 1267 1881 morito

205 1923 239 1971 15
258 1912 381 1970 uututis
405 1914 436 1970 et
457 1909 598 1970 beneficio
622 1909 757 1970 Caesaris
781 1902 833 1990 (F
838 1910 904 1983 alf
910 1910 938 1969 V

348 1992 382 2061 4.
419 1995 552 2058 *‘Infido
581 1995 714 2059 scurrac'
744 2000 800 2058 hoc
827 2001 873 2059 est
895 1998 936 2072 ei,
968 2000 1021 2074 qui
1044 2000 1212 2059 amicitiam
1233 2000 1267 2058 si·

258 2091 352 2148 mulct
375 2092 460 2147 etin
482 2090 569 2148 malis
593 2090 709 2148 deserat
733 2079 930 2170 (P'(rocc)bf

348 2171 382 2239 5.
420 2177 559 2252 Quidam,
583 2179 695 2253 inquit,
718 2178 866 2255 fugientes
889 2179 999 2236 uitium
1022 2178 1205 2237 adulationis
1227 2179 1268 2235 in·

259 2267 362 2326 cidunt
388 2268 421 2324 in
448 2269 532 2342 peius
556 2266 665 2325 uitium
687 2266 857 2325 inconcinni
880 2269 910 2325 ot
931 2266 1113 2343 inconpositi
1134 2266 1268 2339 hominis,

203 2367 240 2415 20
260 2356 374 2415 scilicet
396 2357 452 2415 foci
475 2358 505 2414 ct
528 2357 634 2431 aspen,
659 2358 746 2431 quasi
769 2355 904 2433 agrestis.
946 2353 1024 2413 Sunt
1042 2350 1123 2413 onim
1141 2357 1268 2437 quidam,

259 2443 311 2519 qui
340 2445 425 2519 quasi
452 2463 506 2502 sua
529 2446 641 2503 uirtute
664 2444 817 2503 liban-ima
839 2447 870 2503 ct
891 2463 968 2520 pura
991 2443 1172 2503 confidentes
1195 2447 1269 2503 circa

260 2534 369 2592 amicos
401 2553 469 2592 suos
502 2535 598 2591 seueri
630 2536 660 2591 et
691 2533 759 2591 duri
791 2535 950 2609 apparant,
982 2532 1054 2590 dum
1084 2533 1195 2592 uolunt
1223 2524 1269 2593 cos

203 2664 205 2669 η
259 2624 415 2700 castigare,
434 2623 514 2680 etin
532 2623 658 2696 tantum,
676 2624 711 2680 ut
730 2622 795 2697 ipsa
813 2624 891 2681 cutis
909 2640 980 2697 prae
999 2621 1094 2680 nimia
1112 2624 1269 2681 seueritate

258 2712 345 2769 tonsa
368 2711 497 2784 dicatur,
521 2713 607 2785 quasi
629 2710 753 2785 capillos
777 2730 836 2769 non
857 2710 1009 2784 habuerit,
1031 2713 1063 2768 ct
1085 2711 1147 2769 iam
1170 2712 1269 2770 dantes

204 2810 239 2857 25
258 2800 319 2858 sint
346 2801 413 2857 atn'.
458 2799 499 2857 ut
526 2800 600 2857 mire
622 2819 676 2874 par
703 2801 932 2859 caracterismon
959 2791 1009 2879 (ca
1028 2796 1168 2877 Porpd.),'
1195 2801 1270 2859 idest

258 2906 311 3055 per
333 2887 587 2964 imaginationem,
611 2887 753 2966 describit
773 2889 923 2947 hominem
945 2887 1062 2947 tnistem
1085 2892 1116 2947 ct
1137 2908 1268 2948 amarum

274 2971 368 3034 Γάε
381 2977 409 3035 V

348 3058 382 3125 9.
405 3064 510 3123 Virtus
534 3068 578 3124 est
601 3056 633 3145 (ν
641 3055 698 3145 V)]
735 3064 816 3124 Idest
839 3084 926 3124 uerae
949 3064 1071 3124 uirtutis
1090 3069 1145 3139 est,
1170 3069 1223 3141 qui
1240 3068 1270 3124 in

258 3152 392 3211 amicitia
420 3154 465 3212 ita
493 3172 523 3213 se
551 3156 698 3229 praestat,
730 3156 764 3212 ut
786 3173 881 3229 nequa
905 3154 1043 3213 adulator
1066 3173 1162 3230 nequo
1187 3174 1271 3230 aspar

204 3252 240 3299 30
259 3242 307 3316 sit
331 3243 381 3300 scd
405 3241 441 3302 ab
465 3245 592 3317 utroque
615 3245 744 3302 semotus
768 3235 945 3324 (F'obe
957 3243 986 3302 V

349 3435 381 3482 14
401 3428 498 3499 ctiam]
519 3429 609 3483 eciam
627 3430 685 3495 rbf
695 3446 745 3483 om
761 3430 832 3497 ynV
910 3429 1078 3498 191nconp:
1086 3430 1152 3501 V]
1144 3448 1270 3500 mcomp

256 3505 315 3554 cett
388 3504 422 3553 20
442 3500 568 3570 quidam]
558 3500 688 3570 ].Vom
757 3506 790 3553 21
810 3516 907 3554 snao
892 3517 942 3554 om.
963 3500 988 3551 V
1057 3506 1092 3554 24
1111 3518 1168 3554 non
1188 3503 1270 3573 γΝ]

245 3589 296 3625 om.
313 3590 374 3629 roca
392 3572 491 3646 Pauly
504 3572 589 3629 Haut
589 3572 637 3628 hal
706 3570 859 3642 habucmtl
891 3571 1007 3624 ussaw
1074 3573 1193 3643 ot1am]
1188 3523 1271 3627 ycta

233 3644 387 3716 etiamque
402 3666 421 3703 r
498 3654 531 3705 25
548 3648 607 3705 atri
623 3646 717 3703 sintV
788 3648 827 3697 ‘zo
835 3640 988 3696 'itomanam
999 3639 1093 3691 dcam
1107 3574 1242 3692 masmim

219 3720 378 3793 amarum]
398 3729 539 3780 acuerat
563 3722 704 3781 amaruV
781 3722 821 3772 (λδ
839 3713 921 3769 idest
938 3709 1008 3775 on
1021 3722 1075 3758 (Μ
1085 3711 1146 3756 Vll
