2867 4175
605 349 811 403 PRAEFATIO
1173 353 1211 406 XI

196 518 291 577 nullos
320 518 457 594 intelligo
481 520 511 576 et
533 537 593 576 non
615 521 783 593 postremae
806 521 893 578 notae
917 519 998 578 uiros
1022 522 1215 584 subsannare,

195 610 285 681 atque
309 605 384 665 adeo
408 608 550 666 reiectare
573 606 734 666 dictionem
753 607 830 666 hanc
849 606 1107 681 „Commentator“
1127 605 1214 685 quasi

194 695 292 754 minus
322 695 461 753 idoneam
488 714 543 754 nac
571 697 644 756 satis
672 699 707 755 ut
730 700 932 755 enarraturam
954 701 1038 756 notet
1060 697 1214 757 Latinam:

195 785 273 859 quod
307 786 426 842 etiamsi
457 804 516 843 non
548 785 667 860 penitus
698 784 820 860 infitier,
850 788 951 844 tamen
983 788 1009 845 si
1041 787 1213 866 diligentius

193 873 438 931 animaduertant
464 877 600 932 nostrum
627 892 662 932 ea
689 877 721 932 in
748 892 781 932 re
809 874 965 934 consilium
998 880 1028 934 et
1056 877 1213 951 epistolam

194 961 231 1019 ad
248 964 393 1020 lectorem
412 963 484 1020 olim
502 961 552 1020 lib.
573 961 696 1020 odarum
716 966 823 1037 quarto
841 966 1045 1038 praepositam
1058 965 1213 1025 candidius

191 1051 355 1127 pellegant,
379 1053 532 1125 aequiores
555 1053 633 1110 certe
655 1051 740 1110 nobis
764 1069 813 1111 eos
831 1053 894 1110 fore
912 1053 1094 1112 crediderim.
1134 1055 1213 1113 Nam

192 1142 260 1215 quis
284 1159 353 1197 eum
375 1139 508 1198 nominet
530 1139 703 1215 honorifice,
732 1160 819 1216 quem
846 1161 882 1200 ns
905 1143 990 1200 nouit
1012 1142 1151 1218 quidem?
1177 1147 1213 1202 ut

191 1233 308 1288 taceam
329 1249 364 1286 ea
383 1248 460 1304 quae
478 1230 579 1288 euolui
596 1231 628 1287 in
645 1228 804 1289 Horatium
823 1230 935 1305 scripta
953 1233 1003 1288 uix
1021 1231 1083 1289 ullo
1101 1231 1213 1290 honore

191 1319 298 1396 digna,
327 1317 380 1376 sed
407 1319 460 1375 ita
487 1319 620 1392 lacera,
647 1337 784 1392 manca,
811 1320 953 1392 mutila,
981 1321 1152 1379 lacunosa
1178 1325 1213 1378 et

192 1410 338 1467 tantum
365 1425 434 1464 non
461 1409 557 1464 carie
585 1410 845 1483 uetustateque
873 1408 1075 1484 deperdita,
1107 1412 1146 1467 ut
1173 1429 1211 1467 en

193 1497 238 1555 iis
263 1496 324 1553 uix
347 1496 410 1553 hos
431 1493 713 1554 Commentarios
738 1497 1074 1555 consarciuauerim.
1112 1496 1213 1567 Quid?

192 1585 273 1662 quod
297 1585 428 1643 auctoris
450 1602 559 1643 nomeu
582 1603 671 1660 opera
694 1586 779 1643 nulla
802 1587 943 1661 consequi
965 1585 1135 1660 potuerim?
1175 1587 1211 1644 ln

189 1674 281 1732 editis
315 1672 388 1732 olim
419 1691 472 1748 per
503 1673 666 1732 Hanricum
698 1673 781 1732 Petri
812 1674 950 1750 operibus
982 1673 1102 1733 Horatii
1133 1675 1214 1733 inter

190 1764 363 1821 innumeros
395 1763 456 1820 fere
489 1763 695 1837 explanatores
728 1764 825 1840 legere
858 1763 977 1837 quidem
1005 1767 1050 1820 est
1076 1765 1211 1822 uirorum

188 1851 432 1912 doctissimorum
451 1850 575 1911 Acronis
595 1854 626 1908 et
643 1850 858 1926 Porphyrionis
876 1870 1013 1910 numeros
1032 1854 1063 1910 st
1081 1854 1211 1924 nomina,

188 1941 244 2000 sed
271 1942 303 1998 in
330 1940 479 2016 plerisque
508 1941 549 1999 eis
577 1940 736 2017 adscriptis
763 1942 856 2000 miror
882 1943 972 2015 atqua
997 1940 1128 1999 detestor
1150 1961 1209 2000 non

187 2029 384 2090 oscitantiam
410 2029 606 2108 typographi,
634 2031 668 2086 ut
696 2048 783 2104 quem
811 2030 937 2089 fortasse
961 2048 1116 2089 mucosum
1139 2031 1211 2089 fecit

191 2121 269 2178 lucri
297 2139 412 2179 crassus
441 2120 526 2195 odor,
554 2118 604 2179 sed
629 2120 747 2194 ineptos
770 2120 903 2192 cuculos,
930 2120 983 2194 qui
1004 2120 1105 2177 tantos
1127 2122 1209 2178 uiros

187 2228 253 2267 non
280 2210 416 2281 reueriti,
443 2226 514 2267 suae
539 2208 727 2283 stupiditatis
750 2208 817 2265 labe
840 2227 899 2266 non
922 2206 1031 2282 puduit
1055 2225 1209 2284 aspergere

186 2291 271 2376 [εἰσ]
308 2298 408 2355 Facile
432 2297 557 2356 coniicio
581 2315 630 2355 eos
652 2297 684 2355 in
707 2298 887 2355 eiuscemodi
904 2297 1043 2355 librarios
1062 2296 1210 2369 incidisse,

187 2387 296 2461 quales
324 2405 377 2462 per
403 2387 519 2461 aliquot
547 2404 639 2444 annos
666 2386 766 2444 aalide
788 2405 842 2445 nos
865 2389 1071 2459 exercuerunt3
1100 2388 1131 2443 at
1152 2387 1208 2443 hoc

190 2475 383 2534 uehementer
405 2476 568 2548 abominor,
589 2477 653 2533 tam
676 2474 922 2549 praecellentibus
945 2474 1140 2549 scriptoribus
1159 2492 1209 2533 eos

190 2567 310 2622 tantam
340 2563 509 2622 barbariem
540 2582 733 2639 nuncupasse.
783 2562 868 2631 Quod
900 2566 978 2622 certe
1007 2583 1044 2621 ne
1072 2564 1208 2637 facerem,

189 2654 222 2710 et
244 2653 408 2711 iudicarem
432 2671 467 2710 ex
485 2651 580 2711 doctis
600 2652 837 2711 enarrationibus
855 2651 931 2709 nihil
950 2670 1040 2726 quam
1059 2653 1207 2710 cucullata

190 2760 345 2817 superesse
372 2744 558 2800 commenta.
575 2786 580 2798 .
597 2786 602 2797 .
619 2760 654 2799 sa
675 2761 736 2800 non
759 2741 951 2813 enarratoris,
980 2739 1030 2799 sed
1054 2738 1206 2798 Commen-

190 2831 299 2888 tatoris
328 2848 390 2889 esse
417 2831 508 2888 uolui.
554 2829 668 2888 Deinde
695 2849 763 2889 curn
790 2832 919 2905 quatuor
943 2828 1065 2907 legerim
1088 2829 1208 2887 Horatii

190 2918 378 2994 interpretes,
396 2919 638 2995 Porphyrionem,
651 2920 807 2992 Aaronem,
825 2918 993 2977 Modestum
1007 2920 1038 2975 et
1054 2916 1207 2989 Scaurum,

190 3027 243 3066 nec
266 3008 338 3066 ullis
359 3007 537 3081 Blandiniis,
560 3009 704 3067 Tonsanis
729 3011 781 3065 aut
804 3008 871 3065 aliis
895 3007 1013 3082 scriptis
1037 3008 1207 3082 appositum

190 3116 299 3155 nomen
327 3096 467 3170 alicuius,
499 3097 571 3172 quid
598 3096 646 3156 cui
674 3115 783 3171 quaeso
811 3093 1026 3155 adscriberem?
1071 3095 1208 3155 Fecerint

190 3186 246 3244 hoc
265 3186 320 3243 alii
337 3185 528 3263 typographi,
550 3188 585 3242 ut
605 3203 673 3243 suos
691 3187 781 3261 typos
799 3185 1019 3259 plausibiliores
1037 3183 1206 3257 redderent,

190 3277 326 3333 nostrum
345 3293 415 3333 sane
433 3293 492 3332 non
511 3275 570 3331 fuit
587 3275 650 3331 tam
668 3275 759 3331 stulte
777 3277 807 3332 ta
822 3274 962 3332 lectorem
976 3272 1077 3331 ludere
1090 3273 1206 3347 tibique

189 3381 244 3439 pro
268 3363 417 3421 thesauris
441 3363 581 3421 carbones
605 3358 776 3420 ostentare’.

281 3452 337 3510 His
363 3450 461 3510 uerbis
484 3451 612 3510 efficitur
635 3453 896 3510 commentatorem
918 3452 1010 3508 istum
1034 3468 1052 3507 a
1075 3448 1205 3525 Oruquio

190 3562 206 3599 e
224 3541 428 3616 compluribus
446 3540 594 3599 codicibus
613 3541 851 3599 consarcinatum
865 3557 927 3597 esse
942 3538 1071 3597 auctoris
1087 3540 1205 3597 nomine

190 3649 340 3704 nusquam
368 3629 526 3705 adscripto.
571 3629 676 3705 Itaque
704 3628 866 3687 uerisimile
894 3629 939 3686 est
962 3625 1125 3699 Gruquium
1152 3645 1205 3684 nec

190 3737 224 3776 ex
256 3718 471 3795 Porphyrionis
504 3718 632 3793 quodam
664 3719 765 3779 codice
797 3736 852 3778 nec
885 3736 923 3777 on
948 3714 1219 3777 Yseudasromana
